2534 3917
1091 197 1447 256 ΜΗΔΕΙΑ
2142 195 2261 262 227

244 374 410 437 MH.
469 364 785 455 ἤγγειλας
813 360 901 434 οἷ’
935 362 1280 453 ἤγγειλας·
1312 362 1395 434 οὐ
1424 365 1499 435 σὲ
1526 368 1888 454 μέμφομαι.

240 477 429 540 ΠΑΙ.
472 476 544 537 τί
581 468 663 552 δὴ
709 481 1029 556 κατηφεῖς
1058 463 1236 556 ὄμμα
1263 469 1377 538 καὶ
1406 474 1881 559 δακρυρροεῖς;

240 579 411 640 ΜΗ.
468 570 682 659 πολλή
711 566 782 658 μ’
818 567 1111 658 ἀνάγκη,
1143 571 1436 658 πρέσβυ·
1468 577 1679 640 ταῦτα
1705 570 1835 661 γὰρ
1864 573 2021 642 θεοὶ

472 670 659 761 κάγώ
695 678 918 752 κακῶς
947 669 1287 763 φρονοῦσ’
1320 672 1855 762 ἐμηχανησάμην.

240 783 428 844 ΠΑΙ.
475 772 751 866 θάρσει·
782 775 967 844 κάτει
998 800 1099 844 τοι
1129 776 1242 843 καὶ
1269 776 1359 843 σὺ
1386 772 1553 866 πρὸς
1581 777 1839 845 τέκνων
1868 784 1986 846 ἔτι.
2133 793 2268 848 1015

242 885 409 946 MH.
468 874 714 958 ἄλλους
743 877 1002 960 κατάξω
1032 877 1339 966 πρόσθεν
1366 873 1409 965 ἡ
1436 875 1698 947 τάλαιν’
1734 878 1885 966 ἐγώ.

244 987 431 1048 ΠΑΙ.
479 976 669 1048 οὗτοι
697 980 869 1069 μόνη
897 977 987 1047 σὺ
1017 986 1160 1048 σῶν
1187 976 1519 1069 ἀπεζύγης
1548 983 1827 1050 τέκνων.

471 1082 747 1170 κούφως
776 1084 1013 1170 φέρειν
1039 1079 1164 1169 χρὴ
1193 1080 1456 1169 θνητὸν
1484 1079 1646 1152 ὄντα
1674 1082 2046 1174 συμφοράς.

250 1191 413 1252 ΜΗ.
472 1182 699 1273 δράσω
727 1181 904 1252 τάδ’.
934 1180 1104 1252 ἀλλὰ
1130 1191 1327 1271 βαῖνε
1356 1185 1685 1272 δωμάτων
1713 1191 1842 1254 ἔσω

473 1287 589 1355 καὶ
615 1287 805 1354 παισὶ
832 1283 1122 1376 πόρσυν’
1157 1280 1264 1354 οἷα
1291 1285 1417 1374 χρὴ
1445 1283 1609 1356 καθ’
1642 1283 1918 1377 ἡμέραν.
2134 1305 2270 1358 102⁰

477 1379 531 1456 ὦ
558 1389 758 1457 τέκνα
786 1390 987 1457 τέκνα
1007 1439 1025 1474 ,
1059 1393 1255 1480 σφῷν
1280 1387 1407 1476 μὲν
1436 1395 1575 1459 ἔστι
1606 1387 1691 1477 δὴ
1720 1389 1911 1469 πόλις

475 1491 588 1559 καὶ
615 1488 814 1578 δῶμ’,
846 1495 921 1560 ἐν
949 1481 1004 1582 ᾧ
1033 1490 1343 1571 λιπόντες
1371 1488 1624 1560 ἀθλίαν
1652 1491 1767 1580 ἐμὲ

476 1590 764 1679 ποιήσετ’
807 1589 913 1662 ἀεὶ
942 1591 1192 1683 μητρὸς
1221 1596 1676 1684 ἐστερημένοι·

475 1693 605 1783 ἐγώ
635 1691 701 1763 δ’
736 1699 802 1776 ἐς
831 1692 1044 1783 ἄλλην
1071 1710 1273 1782 γαῖαν
1303 1695 1435 1782 εἶμι
1468 1694 1551 1784 δὴ
1582 1695 1827 1785 φυγάς,

476 1799 638 1886 πρὶν
665 1803 862 1890 σφῷν
891 1794 1183 1868 ὄνασθαι
1212 1794 1528 1866 κάπιδεῖν
1557 1794 1987 1887 εὐδαίμονας,
2132 1813 2267 1868 1025

478 1902 642 1988 πρὶν
668 1901 910 1989 λέκτρα
935 1902 1051 1969 καὶ
1082 1913 1373 1987 γυναῖκα
1398 1902 1513 1968 καὶ
1542 1906 1911 1989 γαμηλίους

480 1998 683 2082 εὐνὰς
711 1998 954 2091 ἀγῆλαι
986 2002 1337 2089 λαμπάδας
1366 1998 1429 2070 τ’
1463 1999 1888 2090 ἀνασχεθεῖν.

484 2095 535 2170 ὦ
561 2105 974 2175 δυστάλαινα
1001 2111 1118 2193 τῆς
1145 2107 1304 2193 ἐμῆς
1333 2100 1692 2185 αὐθαδίας.

479 2203 694 2286 ἄλλως
722 2203 832 2296 ἄρ’
865 2203 1071 2296 ὑμᾶς,
1105 2198 1160 2276 ὦ
1188 2204 1398 2295 τέκν’,
1429 2205 1916 2297 ἐξεθρεψάμην,

479 2305 695 2388 ἄλλως
729 2307 799 2378 δ’
837 2310 1178 2398 ἐμόχθουν
1206 2312 1323 2379 καὶ
1350 2309 1777 2399 κατεξάνθην
1804 2309 2049 2384 πόνοις.
2136 2324 2264 2377 1030

478 2409 758 2501 στερράς
788 2409 1136 2500 ἐνεγκοῦσ’
1172 2416 1246 2482 ἐν
1275 2411 1497 2494 τόκοις
1524 2411 1920 2502 ἀλγηδόνας.

477 2503 521 2599 ἦ
549 2513 682 2603 μήν
710 2511 877 2583 ποθ’
911 2511 953 2602 ἡ
983 2513 1312 2602 δύστηνος
1342 2514 1520 2603 εἶχον
1547 2520 1821 2596 ἐλπίδας

475 2613 727 2695 πολλὰς
757 2620 832 2685 ἐν
858 2611 1024 2704 ὑμῖν
1051 2618 1581 2706 γηροβοσκήσειν
1609 2614 1677 2687 τ’
1712 2617 1827 2704 ἐμὲ

480 2720 594 2787 καὶ
619 2725 1102 2788 κατθανοῦσαν
1125 2721 1357 2808 χερσὶν
1386 2710 1467 2788 εὖ
1493 2727 1932 2808 περιστελεῑν,

480 2818 774 2907 ζηλωτὸν
801 2818 1228 2912 ἀνθρώποισι
1247 2843 1260 2858 ·
1308 2827 1443 2890 νῦν
1470 2818 1535 2890 δ’
1580 2817 1793 2890 ὄλωλε
1824 2817 1909 2910 δὴ
2136 2836 2262 2889 1035

480 2929 760 3008 γλυκεῖα
788 2932 1089 3014 φροντίς.
1119 2929 1318 3017 σφῷν
1345 2923 1473 3014 γὰρ
1501 2925 1905 3014 ἐστερημένη

481 3025 744 3116 λυπρὸν
774 3025 976 3110 διάξω
1007 3035 1242 3116 βίοτον
1269 3024 1585 3115 ἀλγεινόν
1612 3023 1675 3095 τ’
1708 3029 1873 3114 ἐμοί.

479 3123 670 3216 ὑμεῖς
699 3129 776 3198 δὲ
799 3127 1032 3219 μητέρ’
1065 3126 1278 3200 οὐκέτ’
1310 3125 1601 3219 ὄμμασιν
1632 3135 1857 3218 φίλοις

481 3227 753 3318 ὄψεσθ’,
786 3235 852 3312 ἐς
883 3229 1044 3302 ἄλλο
1073 3229 1267 3322 σχῆμ’
1302 3228 1710 3312 ἀποστάντες
1737 3238 1914 3320 βίου.

483 3339 620 3420 φεῦ
634 3340 771 3421 φεῦ
788 3356 802 3371 ·
833 3341 906 3403 τί
924 3336 1431 3426 προσδέρκεσθέ
1453 3332 1514 3422 μ’
1547 3330 2107 3424 ὅμμασιν,τέκνα;
2132 3345 2264 3400 1040

481 3444 552 3506 τί
583 3444 994 3525 προσγελᾶτε
1021 3434 1143 3505 τὸν
1171 3435 1599 3507 πανύστατον
1628 3439 1879 3524 γέλων;

483 3545 655 3608 αἰαῖ·
688 3547 760 3609 τί
781 3538 1040 3629 δράστας
1071 3544 1315 3629 καρδία
1343 3537 1470 3628 γὰρ
1500 3549 1769 3627 οἴχεται,
1793 3634 1829 3694 ἦ
