2534 3917
583 178 1044 237 ΙΦΙῙΕΝΕΙΑ
1087 180 1154 236 Η
1196 180 1317 237 ΕΝ
1359 180 1669 241 ΑΤΛΙΔΙ
2061 176 2141 245 17

357 342 533 433 τάμὰ
575 341 644 414 δ’
691 342 820 415 οὐκ
860 341 1207 415 ἀποκτενῶ
1241 342 1365 434 ’γῶ
1420 348 1619 418 τέκνα
1638 371 1653 386 ·
1709 345 1837 419 κού
1892 349 1966 421 τὸ
2023 348 2149 421 σὸν

1036 448 1161 535 μὲν
1192 439 1273 517 εὖ

362 547 545 639 παρὰ
574 554 778 637 δίκην
807 554 991 619 ἔσται
1018 557 1335 638 κακίστης
1366 548 1635 633 εὔνιδος
1663 560 1970 646 τιμωρίᾳ,

365 648 482 740 ἐμὲ
510 651 590 721 δὲ
615 650 1020 739 συντήξουσι
1048 651 1289 734 νύκτες
1316 648 1557 743 ἡμέραι
1587 680 1657 722 τε
1686 655 2027 747 δακρύοις,

365 749 586 841 ὄνομα
615 758 884 841 δρῶντα
912 749 1040 822 κού
1069 758 1299 824 δίκαια
1326 760 1568 838 παῖδας
1595 751 1717 839 οὓς
1757 753 2143 847 ἐγεινάμην.

361 854 576 938 ταῦτά
589 874 696 923 σοι
708 857 961 943 βραχέα
974 856 1277 927 λέλεκται
1306 858 1420 927 καὶ
1448 866 1639 945 σαφῆ
1662 860 1777 928 καὶ
1805 857 2025 951 ῥᾴδια·
2042 876 2149 931 400

365 963 430 1027 εἰ
455 956 532 1025 δὲ
545 954 636 1045 μὴ
652 956 886 1044 βούλει
915 974 1201 1047 φρονεῖν
1221 949 1322 1046 εὖ,
1341 955 1483 1048 τᾶμ’
1518 954 1648 1046 ἐγὼ
1679 960 1873 1048 θήσω
1904 969 2143 1043 καλῶς.

149 1067 265 1127 XO.
365 1056 500 1128 οἵδ’
533 1050 625 1128 αὖ
657 1058 974 1149 διάφοροι
1002 1065 1140 1129 τῶν
1167 1060 1376 1151 πάρος
1406 1063 1827 1150 λελεγμένων

362 1160 650 1249 μύθων,
681 1167 902 1240 καλῶς
934 1158 999 1228 δ’
1038 1168 1297 1251 ἔχουσι,
1330 1168 1691 1251 φείδεσθαι
1719 1165 1997 1234 τέκνων.

147 1270 278 1331 ΜΕ.
359 1270 535 1350 αἰαῖ,
568 1269 812 1352 φίλους
841 1258 951 1352 ἄρ’
985 1259 1139 1351 οὐχὶ
1167 1262 1505 1351 κεκτήμην
1531 1263 1751 1345 τάλας.

140 1372 321 1434 ΑΓΛ.
365 1372 430 1434 εἰ
453 1362 612 1445 τούς
645 1371 887 1453 φίλους
914 1392 992 1452 γε
1021 1364 1114 1454 μὴ
1145 1368 1370 1446 θέλεις
1398 1362 1792 1435 ἀπολλύναι.
2040 1383 2143 1439 405

141 1474 280 1535 ΜΕ.
357 1470 599 1550 δείξεις
630 1466 706 1535 δὲ
733 1472 868 1536 ποῦ
899 1494 1014 1555 μοι
1042 1466 1291 1559 πατρὸς
1320 1463 1395 1539 ἐκ
1425 1464 1677 1538 ταύτοῦ
1706 1469 1956 1557 γεγώςς

139 1576 321 1638 ΑΓΑ.
363 1566 884 1660 συνσωφρονεῖν
913 1590 1019 1638 σοι
1044 1568 1334 1659 βούλομ’
1354 1622 1373 1655 ,
1405 1567 1554 1639 ἀλλ’
1588 1567 1671 1640 ού
1702 1586 2083 1641 συννοσεῖν.

143 1678 274 1738 ΜΕ.
355 1676 422 1753 ἐς
453 1668 688 1740 κοινὸν
714 1666 950 1759 ἀλγεῖν
981 1687 1116 1751 τοῖς
1147 1679 1407 1761 φίλοισι
1432 1671 1559 1762 χρὴ
1588 1680 1851 1762 φίλους.

137 1780 318 1842 ΑΓΛ.
366 1763 448 1843 εὖ
480 1777 667 1861 δρῶν
691 1772 1063 1862 παρακάλει
1090 1770 1190 1861 μ’,
1222 1771 1393 1845 ἀλλὰ
1418 1773 1508 1863 μὴ
1542 1780 1779 1843 λυπῶν
1811 1776 1945 1862 ἐμέ.

137 1882 273 1943 ΜΕ.
365 1872 492 1944 οὐκ
523 1870 652 1962 ἄρα
682 1879 877 1945 δοκεῖ
898 1895 1006 1944 σοι
1032 1874 1192 1945 τάδε
1221 1890 1461 1945 πονεῖν
1489 1874 1621 1945 σὺν
1640 1872 1940 1959 Ἐλλάδις
2038 1893 2140 1947 410

135 1984 318 2045 ΑΓΛ.
353 1974 585 2057 Ἑλλὰς
613 1976 690 2045 δὲ
719 1974 851 2046 σὺν
880 1979 987 2047 σοὶ
1004 1968 1185 2048 ικατὰ
1209 1976 1383 2047 θεὸν
1411 1992 1601 2047 νοσεῖ
1623 2005 1793 2046 τινα.

139 2085 270 2147 ΜΕ.
359 2078 677 2170 σκήπτρῳ
706 2106 840 2148 νυν
867 2075 1080 2167 αὔχει,
1111 2078 1235 2150 σὸν
1266 2086 1676 2169 κασίγνητον
1704 2078 2019 2167 προδούς.

369 2184 524 2269 [ἐγώ
548 2182 605 2248 δ’
635 2181 730 2251 ἐπ’
771 2177 974 2262 ἄλλας
1007 2182 1141 2270 εἶμι
1170 2181 1469 2271 μηχανάς
1498 2210 1703 2267 τινας,

364 2291 612 2371 φίλους
639 2278 689 2349 τ’
721 2278 817 2354 ἐπ’
851 2280 1117 2365 ἄλλους.
1147 2292 1343 2355 ΛΓΓ.
1379 2276 1434 2353 αἶ
1459 2281 1922 2369 Πανελλήνων
1948 2280 2134 2373 ἅναξ,

351 2382 804 2473 Ἀγάμεμνον,
837 2381 978 2474 ἥκω
1010 2387 1220 2455 παῖδά
1249 2407 1356 2457 σοι
1382 2384 1507 2475 τὴν
1536 2384 1663 2475 σὴν
1694 2381 1902 2473 ἄγων,
2035 2402 2137 2457 415

359 2481 448 2575 ἢν
472 2483 871 2575 Ἰφιγένειαν
900 2482 1238 2575 ὠνόμαζες
1276 2492 1352 2559 ἐν
1385 2489 1634 2578 δόμοις.

360 2588 576 2677 μήτηρ
610 2584 677 2657 δ’
711 2585 1020 2678 ὁμαρτεῖ,
1050 2597 1170 2677 σῆς
1200 2590 1799 2679 Κλυταιμνήστρας
1831 2591 2057 2676 δέμας,

359 2692 474 2759 καὶ
501 2690 655 2771 παῖς
690 2686 1032 2782 Ὀρέστης,
1070 2694 1240 2761 ὥστε
1275 2698 1641 2783 τερφθείης
1675 2687 1864 2775 ἰδών,

355 2791 605 2880 χρόνον
636 2790 924 2862 παλαιὸν
949 2792 1280 2881 δωμάτων
1309 2798 1594 2881 ἔκδημος
1626 2788 1742 2860 ὥν.

359 2889 508 2963 ἀλλ’
542 2889 630 2975 ὥς
658 2891 924 2984 μακρὰν
953 2902 1240 2983 ἔτεινον,
1274 2892 1564 2985 εὔρυτον
1594 2889 1773 2983 παρὰ
2033 2912 2139 2966 420

359 2995 622 3085 κρήνην
647 2992 1073 3084 ἀναψύχουσι
1103 2997 1470 3086 θηλύπουν
1498 2995 1720 3086 βάσιν,

359 3093 570 3168 αὐταί
594 3124 665 3166 τε
695 3104 918 3167 πῶλοί
939 3096 1000 3167 τ’
1022 3121 1038 3136 ·
1075 3104 1167 3180 εἰς
1197 3099 1277 3168 δὲ
1304 3098 1655 3186 λειμώνων
1681 3098 1889 3187 χλόην

354 3210 685 3287 καθεῖμεν
713 3195 953 3288 αὐτάς,
989 3197 1078 3282 ὥς
1105 3208 1311 3292 βορᾶς
1342 3209 1719 3289 γευσαίατο.

360 3299 494 3390 ἐγώ
525 3301 602 3371 δὲ
629 3300 1006 3394 πρόδρομος
1033 3310 1152 3393 σῆς
1177 3309 1601 3393 παρασκευῆς
1628 3301 1825 3393 χάριν

359 3399 501 3492 ἥκω
519 3425 536 3441 ·
567 3406 899 3475 πέπυσται
927 3404 1055 3496 γὰρ
1086 3404 1397 3495 στρατός,
1428 3420 1652 3492 ταχεῖα
1681 3402 1809 3495 γὰρ
2029 3421 2134 3475 425

359 3509 543 3595 διῇξε
571 3504 794 3595 φήμη,
826 3513 1032 3577 παῖδα
1061 3506 1190 3595 σὴν
1217 3505 1617 3606 ᾇφιγμένην.

301 3622 485 3662 evum.
529 3624 656 3665 vox„
700 3605 773 3660 Π.
1783 3603 1823 3662 2
