2534 3917
302 150 443 260 '134
1248 197 1416 256 mzv

547 365 589 437 ἃ
621 365 685 437 δ’
726 365 964 436 ἐνθάδ’
1004 367 1185 456 εἶχον
1216 363 1427 454 ἀγάθ’
1466 363 1764 436 ἄκουσόν
1796 395 1950 454 μου,
1981 368 2223 456 πάτερ·

547 469 672 557 τὴν
708 468 1033 557 φιλτάτην
1060 470 1185 557 μὲν
1212 475 1482 558 πρῶτον
1509 465 1900 556 ἀνθρώποις
1933 471 2182 559 σχολὴν

550 569 755 659 ὄχλον
781 597 854 639 τε
882 572 1186 660 μέτριον,
1218 566 1387 639 οὐδέ
1415 567 1486 657 μ’
1519 568 1815 659 ἐξέπληξ’
1848 568 2016 640 ὁδοῦ
2225 587 2332 642 635

546 670 841 762 πονηρὸς
874 668 1099 752 οὐδείς
1120 695 1135 709 ·
1166 687 1353 741 κεῖνο
1380 668 1445 739 δ’
1481 669 1607 741 οὐκ
1637 669 2022 760 ἀνασχετόν,

553 785 759 844 εἴκειν
792 771 959 843 ὁδοῦ
987 781 1292 861 χαλῶντα
1326 787 1462 853 τοῖς
1494 780 1820 844 κακίοσιν.

553 883 741 946 θεῶν
776 873 840 944 δ’
882 879 957 945 ἐν
986 871 1211 963 εὐχαῖς
1236 871 1281 962 ἢ
1309 873 1606 960 λόγοισιν
1632 865 1677 963 ἦ
1703 882 1989 966 βροτῶν,

552 975 910 1069 ὑπηρετῶν
934 985 1320 1067 χαίρουσιν,
1354 1004 1438 1046 ου
1465 979 1852 1064 γοωμένοις.

551 1083 665 1150 καὶ
693 1079 851 1160 τοὺς
881 1080 1007 1168 μὲν
1036 1081 1435 1166 ἐξέπεμπον,
1470 1077 1534 1147 οἳ
1567 1075 1631 1146 δ’
1669 1069 1838 1165 ἧκον
1877 1081 2076 1165 ξένοι,
2226 1095 2335 1150 640

553 1179 730 1252 ὥσθ’
762 1179 933 1272 ἡδύς
957 1179 1063 1250 ἀεὶ
1089 1178 1320 1260 καινὸς
1349 1175 1448 1248 ῶν
1473 1195 1806 1250 καινοῖσιν
1833 1171 1896 1269 ἦ.

552 1282 591 1352 ὃ
624 1282 690 1354 δ’
724 1281 968 1353 εὐκτὸν
994 1281 1451 1374 ἀνθρώποισι,
1481 1310 1612 1351 καν
1641 1305 1923 1352 ακουσιν
1951 1274 2017 1372 ᾗ,

552 1391 819 1455 δίκαιον
854 1384 1035 1455 εἷναί
1060 1383 1131 1473 μ’
1164 1382 1201 1456 ὁ
1236 1384 1441 1473 νόμος
1469 1381 1510 1473 ἡ
1541 1385 1748 1473 φύσις
1773 1383 1848 1454 θ’
1889 1414 2023 1473 αμα

550 1501 821 1576 παρεῖχε
854 1495 946 1579 τῷ
978 1494 1141 1581 θεῷ.
1170 1495 1382 1556 ταῦτα
1406 1485 1904 1575 συννοούμενος

550 1597 838 1680 κρείσσω
868 1596 1113 1677 νομίζω
1149 1585 1437 1659 τάνθάδ’
1476 1585 1766 1677 ἦτάκεῖ,
1803 1589 2034 1678 πάτερ.
2221 1605 2328 1658 645

482 1756 487 1760 .
553 1699 629 1760 ε”α
660 1687 725 1760 δ’
757 1689 863 1780 ἔμ’
899 1689 1113 1762 αὐτοῦ
1142 1699 1259 1780 ζῆν
1278 1714 1293 1728 ·
1331 1700 1442 1780 ἴση
1468 1690 1599 1780 γὰρ
1635 1688 1676 1779 ἡ
1705 1691 1914 1780 χάρις,

550 1794 895 1882 μεγάλοισι
918 1801 1180 1883 χαίρειν
1209 1793 1456 1884 σμικρά
1485 1790 1563 1862 θ’
1597 1788 1811 1880 ἡδέως
1838 1801 2035 1881 ἔχειν.

323 1903 461 1963 ΧΟ.
546 1903 766 1977 καλῶς
800 1899 1054 1984 ἔλεξας,
1093 1907 1280 1985 εἴπερ
1309 1891 1426 1975 οὓς
1461 1892 1592 1983 ἐγώ
1630 1903 1804 1983 φιλῶ

547 2001 626 2066 ἐν
658 2014 830 2068 τοῖσι
859 2015 1076 2069 σοῖσιν
1102 1995 1589 2086 εὐτυχήσουσιν
1623 1995 1860 2086 λόγοις.

318 2101 514 2176 ΞΟΤ.
544 2107 796 2171 παῦσαι
824 2101 1047 2189 λόγων
1072 2097 1303 2189 τῶνδ’,
1338 2096 1646 2186 εὐτυχεῖν
1679 2097 1745 2169 δ’
1785 2103 2090 2168 ἐπίστασο
2109 2119 2124 2134 ·
2215 2113 2322 2166 650

549 2205 731 2270 θέλω
767 2200 897 2293 γὰρ
926 2193 1138 2291 οὗπέρ
1169 2199 1231 2272 σ’
1262 2192 1478 2292 ηὗρον
1512 2198 1875 2293 ἄρξασθαι,
1901 2202 2160 2284 τέκνον,

548 2310 779 2390 κοινῆς
809 2307 1128 2392 τραπέζης
1158 2309 1352 2374 δαῖτα
1384 2302 1552 2393 πρὸς
1577 2301 1811 2390 κοινὴν
1842 2299 2084 2386 πεσών,

554 2410 773 2473 θῦσαί
800 2402 889 2474 θ’
922 2401 967 2474 ἅ
991 2427 1117 2476 σου
1150 2409 1314 2497 πρὶν
1338 2403 1638 2493 γενέθλι’
1680 2402 1804 2475 οὐκ
1840 2403 2204 2490 ἐθύσαμεν.

552 2509 666 2576 καὶ
689 2513 821 2577 νῦν
854 2507 977 2596 μὲν
1006 2503 1095 2589 ῶς
1126 2508 1209 2598 δὴ
1244 2510 1438 2591 ξένον
1466 2505 1653 2595 ἄγων
1684 2505 1748 2576 σ’
1789 2509 2098 2597 ἐφέστιον

550 2614 883 2680 δείπνοισι
916 2613 1137 2702 τέρψω
1156 2634 1171 2649 ·
1202 2618 1320 2700 τῆς
1351 2608 1418 2680 δ’
1443 2607 1828 2696 Ἀθηναίων
1857 2605 2106 2696 χθονὸς
2225 2621 2331 2676 655

551 2709 685 2795 ἄξω
714 2712 971 2802 θεατὴν
1005 2720 1253 2803 δῆθεν,
1284 2709 1374 2793 ὥς
1403 2709 1531 2783 οὐκ
1560 2708 1703 2782 ὅντ’
1734 2710 1917 2799 ἐμόν.

548 2817 663 2884 καὶ
697 2815 823 2905 γὰρ
859 2833 1149 2903 γυναῖκα
1177 2814 1300 2902 τὴν
1327 2813 1496 2903 ἐμὴν
1531 2809 1614 2883 οὐ
1647 2813 1977 2901 βούλομαι

558 2923 799 2985 λυπεῖν
834 2912 1117 2986 ἄτεκνον
1148 2908 1361 2986 οὖσαν
1393 2915 1598 2996 αὐτὸς
1625 2912 1948 3002 εὐτυχῶν.

552 3015 774 3109 χρόνῳ
807 3018 883 3086 δὲ
915 3017 1157 3108 καιρὸν
1186 3017 1554 3106 λαμβάνων
1583 3017 1994 3107 προσάξομαι

554 3115 835 3208 δάμαρτ’
871 3123 990 3188 ἐᾶν
1015 3141 1090 3188 σε
1118 3127 1420 3209 σκῆπτρα
1446 3116 1598 3205 τᾶμ’
1640 3125 1818 3204 ἔχειν
1851 3114 2120 3204 χθονός.
2227 3131 2343 3186 660

530 3216 733 3290 Ἴωνα
762 3217 829 3288 δ’
865 3217 1161 3309 ὀνομάζω
1212 3245 1291 3293 σε
1335 3226 1417 3310 τῇ
1445 3219 1612 3308 τύχῃ
1640 3222 1920 3308 πρέπον,

550 3319 879 3391 ὁθούνεκ’
918 3320 1191 3394 ἀδύτων
1216 3322 1458 3406 ἐξιόντι
1484 3348 1598 3409 μοι
1630 3327 1804 3391 θεοῦ

556 3434 737 3511 ἴχνος
766 3432 1071 3514 συνῆψας
1096 3431 1378 3514 πρῶτος.
1415 3419 1584 3492 ἀλλὰ
1613 3429 1752 3491 τῶν
1779 3430 2005 3510 φίλων

550 3523 856 3617 πλήρωμ’
890 3524 1215 3617 ἀθροίσας
1241 3524 1566 3615 βουθύτῳ
1600 3524 1732 3593 σὺν
1761 3521 1974 3614 ἡδονῇ
