2534 3917
934 157 1398 217 ΦΟΙΝῙΣΣΑΙ
2034 161 2158 226 435

380 328 596 408 πύλας
623 327 854 416 ἐχώρει
882 323 1117 414 σφάγι’
1152 333 1323 414 ἔχων
1349 324 1461 414 ἐφ’
1494 324 1735 418 ἅρματι
1765 362 1778 376 ·
2032 351 2161 403 1110

382 427 419 497 ὁ
451 429 682 516 μάντις
715 425 1155 518 Ἀμφιάραος,
1184 423 1267 497 ού
1298 427 1516 516 σημεῖ’
1558 437 1729 518 ἔχων

380 526 764 619 ὑβρισμέν’,
794 528 962 599 ἄλλα
990 529 1360 621 σωφρόνως
1387 528 1585 620 ἄσημ’
1621 529 1812 603 ὅπλα.

380 629 664 720 Ὠγύγια
692 627 757 700 δ’
792 640 885 712 είς
919 628 1280 718 πυλώμαθ’
1309 629 1715 721 Ἱππομέδων
1743 633 1904 718 ἅναξ

382 731 626 822 ἔστειχ’
666 739 837 820 ἔχων
863 749 1139 822 σημεῖον
1167 737 1243 802 ἐν
1268 736 1447 825 μέσω
1476 735 1665 804 σάκει

376 851 663 915 στικτοῖς
690 834 1039 923 πανόπτην
1064 831 1354 923 ὄμμασιν
1382 837 1767 924 δεδορκότα,
2027 857 2161 908 1115

380 933 469 1004 τα
490 937 614 1024 μὲν
641 935 772 1005 σὺν
800 934 1065 1026 ἄστρων
1091 939 1501 1008 ἐπιτολαῖσιν
1527 934 1787 1027 ὄμματα

376 1040 744 1124 βλέποντα,
777 1036 857 1109 τὰ
886 1037 963 1108 δὲ
986 1037 1369 1128 κρύπτοντα
1396 1038 1748 1110 δυνόντων
1773 1043 1956 1129 μέτα,

380 1136 473 1220 ὥς
507 1136 795 1229 ὕστερον
824 1138 1158 1218 θανόντος
1188 1145 1459 1228 εἰσορᾶν
1485 1150 1727 1230 παρῆ-ν.

375 1238 779 1328 Ὁμολωίσιν
808 1241 884 1310 δὲ
913 1241 1100 1321 τάξιν
1130 1239 1262 1328 εἶχε
1291 1240 1458 1331 πρὸς
1485 1243 1728 1322 πύλαις

387 1341 681 1429 Τυδεύς,
711 1345 975 1423 λέοντος
1006 1346 1198 1432 δέρος
1224 1349 1397 1430 ἔχων
1425 1340 1531 1412 ἐπ’
1565 1341 1798 1414 ἀσπίδι
2035 1364 2169 1414 1120

375 1449 571 1534 χαίτη
599 1443 924 1534 πεφρικός
941 1467 956 1482 ·
986 1447 1173 1535 δεξιᾷ
1201 1444 1277 1514 δὲ
1304 1445 1615 1533 λαμπάδα

389 1545 594 1615 Τιτὰν
620 1544 1031 1636 Προμηθεὺς
1061 1553 1308 1635 ἔφερεν
1334 1543 1426 1627 ὥς
1453 1546 1730 1637 πρήσων
1760 1546 1978 1616 πόλιν.

378 1645 415 1715 ὁ
446 1647 561 1727 σὸς
589 1649 663 1716 δὲ
694 1655 1096 1736 Κρηναίαισι
1121 1655 1545 1736 Πολυνείκης
1573 1648 1816 1728 πύλαις

359 1745 531 1837 Ἀρη
580 1754 909 1833 προσῆγε·
959 1748 1331 1827 Ποτνιάδες
1360 1746 1426 1816 δ’
1460 1746 1566 1817 ἐπ’
1599 1747 1833 1818 ἀσπίδι

380 1852 667 1938 ἐπίσημα
694 1855 904 1917 πῶλοι
930 1846 1259 1937 δρομάδες
1288 1851 1612 1938 ἐσκίρτων
1643 1849 1856 1942 φόβῳ,
2031 1867 2162 1919 1125

384 1941 465 2018 εὖ
492 1977 632 2032 πως
658 1949 1051 2039 στρόφιγξιν
1078 1954 1368 2020 ἔνδοθεν
1395 1949 1849 2038 κυκλούμεναι
1884 1961 1888 1968 “

384 2049 674 2141 πόρπαχ’
708 2047 830 2120 ὑπ’
866 2048 1109 2139 αὐτόν,
1136 2046 1309 2121 ὥστε
1335 2058 1700 2139 μαίνεσθαι
1728 2057 1975 2120 δοκεῖν.

379 2150 414 2221 ὁ
446 2150 517 2222 δ’
551 2151 679 2223 οὐκ
709 2159 991 2222 ἔλασσον
1004 2148 1243 2241 ’Ἄρεος
1269 2160 1364 2233 εἰς
1389 2153 1608 2241 μάχην
1637 2159 1916 2242 φρονῶν

379 2253 742 2336 Καπανεὺς
770 2261 1066 2346 προσῆγε
1091 2253 1293 2342 λόχον
1333 2252 1438 2324 ἐπ’
1479 2253 1857 2342 Ἠλέκτραις
1887 2252 2128 2332 πύλαις
2147 2277 2160 2289 ·

384 2355 858 2446 σιδηρονώτοις
886 2352 954 2424 δ’
988 2353 1271 2436 ἀσπίδος
1298 2355 1530 2438 τύποις
1563 2359 1732 2442 ἐπῆν
2032 2372 2162 2424 1130

379 2465 574 2545 γίγας
607 2455 714 2527 ἐπ’
749 2455 953 2546 ὤμοις
982 2455 1272 2545 γηγενὴς
1295 2455 1465 2554 ῤ’λην
1496 2457 1695 2527 πόλιν

383 2559 614 2650 φέρων
640 2566 983 2647 μοχλοῖσιν
1011 2558 1464 2640 ἐξανασπάσας
1490 2559 1796 2648 βάθρων,

384 2656 716 2731 ’ὑπόνοιαν
748 2657 911 2749 ἡμῖν
940 2654 1049 2729 οἷα
1082 2666 1383 2731 πείσεται
1407 2661 1618 2741 πόλις.

385 2777 528 2844 ταῖς
556 2759 627 2832 δ’
664 2761 979 2851 ἑβδόμαις
991 2758 1360 2852 ’Ἄδραστος
1390 2764 1465 2831 ἐν
1492 2761 1812 2832 πύλαισιν
1838 2751 1947 2848 ἦν,

382 2863 622 2934 ἑκατὸν
648 2868 941 2952 ἐχίδναις
972 2860 1207 2935 ἀσπίδ’
1238 2866 1622 2957 ἐκπληροῦν
1650 2867 1881 2952 γραφῇ
2039 2877 2163 2928 1135

384 2962 596 3056 ὕδρας
624 2973 797 3054 ἔχων
823 2974 1111 3036 λαιοῖσιν
1138 2969 1212 3036 ἐν
1240 2961 1591 3054 βραχίοσιν

377 3064 679 3156 Ἀργεῖον
713 3064 957 3156 αὔχημ’
980 3091 996 3106 ·
1027 3071 1101 3138 ἐκ
1133 3068 1210 3137 δὲ
1234 3070 1508 3155 τειχέων
1535 3069 1759 3155 μέσων

384 3169 743 3258 δράκοντες
770 3177 1016 3258 ἔφερον
1042 3171 1243 3239 τέκνα
1267 3175 1631 3257 Καδμείων
1657 3165 1959 3254 γνάθοις.

386 3278 608 3360 παρῆν
634 3268 701 3341 δ’
733 3271 1019 3342 ἑκάστου
1045 3272 1265 3341 τῶνδέ
1288 3298 1399 3358 μοι
1431 3269 1734 3358 θεάματα

380 3373 694 3461 ξύνθημα
720 3373 1181 3462 παραφέροντι
1206 3372 1518 3458 ποιμέσιν
1545 3370 1782 3458 λόχον.
2033 3381 2165 3434 1140

380 3477 492 3542 καὶ
520 3481 750 3565 πρῶτα
779 3473 904 3563 μὲν
930 3468 1176 3554 τόξοισι
1203 3473 1319 3541 καὶ
1344 3474 1821 3628 μεσαγκύλεὲιξὶ.ι
