2534 3917
533 168 551 185 ’
679 165 1130 223 ΙΦΙΓΕΝΕΙΑ
1173 164 1244 221 Η
1282 165 1400 221 ΕΝ
1442 164 1758 223 ΑΥΛΙΔΙ
2132 160 2215 223 35

438 332 566 423 ἐγὼ
597 334 858 422 παρέξω
889 336 985 423 σῷ
1018 330 1211 399 πόσει
1237 328 1496 418 τούμὸν
1525 334 1749 418 δέμας.

439 431 736 522 τοῦνομα
761 433 926 523 γάρ,
959 439 1024 501 εί
1045 433 1159 500 καὶ
1185 429 1275 519 μὴ
1302 437 1583 522 σίδηρον
1610 428 1839 521 ἤρατο,

437 534 689 624 τούμὸν
721 533 1045 626 φονεύσει
1073 538 1283 603 παῖδα
1308 532 1457 623 σήν.
1496 531 1572 603 τὸ
1602 530 1668 603 δ’
1701 544 1920 605 αἴτιον

435 639 628 718 πόσις
655 636 804 717 σός·
837 633 1049 724 ἁγνὸν
1077 632 1146 703 δ’
1179 631 1406 705 οὐκέτ’
1441 638 1581 705 ἐστὶ
1608 632 1779 723 σῶμ’
1813 636 1995 724 έμόν,
2116 652 2222 709 940

439 748 502 810 εἰ
527 736 617 809 δι’
657 732 761 826 ἔμ’
793 735 1046 809 ὀλεῖται
1083 733 1198 805 διά
1225 764 1297 806 τε
1323 735 1481 817 τούς
1508 734 1708 825 ἐμούς
1735 737 1991 827 γάμους

436 839 478 929 ἡ
508 838 699 910 δεινὰ
726 846 934 909 τλᾶσα
966 833 1139 908 κούκ
1172 834 1420 909 ἀνεκτὰ
1446 840 1808 929 παρθένος,

438 940 798 1031 θαυμαστὰ
829 938 895 1010 δ’
930 936 1019 1020 ὥς
1049 935 1265 1022 ἀνάξι’
1298 936 1730 1030 ἠτιμασμένη.

437 1043 568 1133 ἐγω
596 1042 906 1123 κάκιστος
931 1033 1019 1130 ἦν
1045 1037 1156 1131 ἄρ’
1183 1039 1506 1131 Ἀργείων
1534 1038 1728 1133 ἀνήρ,

437 1144 566 1233 ἐγὼ
596 1142 672 1214 τὸ
701 1145 950 1233 μηδέν,
980 1146 1343 1222 Μενέλεως
1371 1140 1436 1212 δ’
1469 1146 1545 1211 έν
1576 1140 1927 1231 ἀνδράσιν,
2115 1160 2217 1214 946

436 1244 526 1327 ὥς
555 1242 709 1333 οὐχὶ
734 1247 1052 1333 Πηλέως,
1083 1240 1230 1314 ἀλλ’
1265 1240 1629 1332 ἀλάστορος
1656 1243 1889 1333 γεγώς,

439 1358 626 1437 εἴπερ
657 1344 981 1436 φονεύσει
1010 1341 1266 1432 τούμὸν
1290 1340 1506 1432 ὄνομα
1533 1351 1636 1437 σῷ
1665 1346 1877 1416 πόσει.

432 1448 526 1539 μὰ
550 1451 673 1521 τὸν
700 1446 794 1519 δι’
826 1444 1062 1537 ὑγρῶν
1090 1447 1408 1534 κυμάτων
1434 1450 1902 1537 τεθραμμένον

433 1554 704 1640 Νηρέα,
735 1548 1132 1639 φυτουργὸν
1161 1551 1435 1627 Θέτιδος
1462 1544 1506 1636 ἦ
1530 1546 1603 1637 μ’
1636 1552 1957 1639 ἐγείνατο,

434 1651 560 1741 ούχ
589 1649 828 1735 ἅψεται
855 1658 976 1739 σῆς
1003 1650 1347 1740 θυγατρὸς
1379 1647 1811 1739 Ἀγαμέμνων
1842 1650 2026 1738 ἅναξ,
2112 1670 2215 1723 950

439 1750 590 1825 οὐδ’
627 1762 720 1835 εἰς
749 1750 965 1842 άκραν
990 1748 1184 1841 χεῖρ’,
1212 1748 1385 1822 ὥστε
1411 1761 1822 1841 προσβαλεῖν
1848 1756 2152 1834 πέπλοις·

435 1852 480 1945 ἦ
507 1862 810 1935 Σίπυλος
838 1860 1021 1924 ἔσται
1050 1853 1239 1935 πόλις
1267 1850 1512 1943 ὅρισμα
1537 1855 1922 1944 βαρβάρων,

439 1955 610 2028 ὅθεν
637 1952 979 2045 πεφύκασ’
1015 1958 1086 2025 οἰ
1115 1953 1557 2043 στρατηλάται
1584 1957 1800 2043 γένος,

435 2065 660 2137 Φθίας
701 2059 776 2125 δὲ
806 2053 1089 2141 τοῦνομ’
1136 2052 1445 2144 οὐδαμοῦ
1473 2058 1882 2145 κεκλήσεται.

434 2158 719 2249 πικροὺς
747 2160 823 2229 δὲ
851 2157 1184 2247 προχύτας
1209 2157 1520 2249 χέρνιβάς
1547 2156 1609 2227 τ’
1643 2160 1981 2251 ἑνάρξεται
2110 2174 2212 2231 955

432 2263 700 2349 Κάλχας
728 2258 764 2332 ὁ
791 2260 1044 2350 μάντις.
1076 2267 1174 2341 τίς
1200 2260 1277 2331 δὲ
1300 2260 1536 2349 μάντις
1566 2259 1699 2332 ἔστ’
1734 2259 1928 2353 ἀνήρ,

434 2362 508 2445 ὃς
536 2359 710 2451 ὀλίγ’
743 2360 1001 2450 ἀληθῆ,
1031 2360 1244 2431 πολλὰ
1271 2362 1348 2433 δὲ
1374 2368 1597 2451 ψευδῆ
1626 2366 1805 2453 λέγει

432 2464 685 2551 τυχών·
718 2461 881 2535 ὅταν
910 2464 986 2535 δὲ
1011 2462 1102 2553 μὴ
1129 2464 1299 2555 τύχῃ
1315 2516 1335 2552 ,
1364 2468 1717 2552 ὃιοίχεται;

435 2562 522 2636 ού
547 2572 685 2635 τῶν
711 2566 948 2656 γάμων
975 2568 1191 2654 ἕκατι,
1219 2573 1458 2655 μυρίαι
1488 2567 1686 2656 κόραι

437 2675 705 2758 θηρῶσι
734 2670 1013 2757 λέκτρον
1043 2664 1327 2756 τούμόν,
1362 2678 1614 2755 εἴρηται
1644 2669 1829 2737 τόδε·
2106 2686 2209 2739 960

436 2766 582 2839 ἀλλ’
615 2765 823 2860 ῧβριν
849 2772 916 2849 ἐς
942 2766 1111 2858 ἡμᾶς
1137 2765 1366 2859 ὕβρισ’
1406 2765 1839 2857 Ἀγαμέμνων
1868 2766 2031 2853 ἄναξ
2050 2792 2065 2807 ·

435 2877 607 2961 χρῆν
633 2868 698 2941 δ’
731 2868 944 2941 αὐτὸν
969 2878 1182 2942 αίτεῖν
1199 2867 1456 2958 τούμὸν
1484 2867 1677 2958 ὄνομ’
1712 2874 1877 2959 ἐμοῦ
1906 2872 2107 2963 πάρα,

433 2972 712 3062 θήραμα
738 2971 1007 3053 παιδός·
1054 2970 1098 3059 ἡ
1123 2972 1687 3063 Κλυταιμνήστρα
1715 2970 1779 3043 δ’
1814 2977 1961 3063 ἐμοὶ

433 3071 696 3163 μάλιστ’
729 3078 1010 3162 ἐπείσθη
1037 3071 1363 3165 θυγατέρ’
1398 3078 1713 3145 ἐκδοῦναι
1745 3076 1955 3145 πόσει.

438 3174 661 3246 ἔδωκά
686 3170 809 3246 τᾶν
826 3171 1175 3265 Ἕλλησιν,
1206 3182 1272 3246 εἰ
1294 3174 1460 3260 πρὸς
1476 3174 1687 3247 Ἴλιον
2106 3194 2209 3247 965

436 3281 514 3348 ἐν
540 3274 702 3370 τῷδ’
735 3284 977 3366 ἔκαμνε
1003 3278 1236 3359 νόστος
1252 3300 1267 3315 ·
1298 3274 1424 3348 οὐκ
1450 3275 1827 3369 ἠρνούμεθ’
1862 3272 1947 3347 ἂν

437 3377 514 3448 τὸ
541 3378 774 3450 κοινὸν
799 3375 1029 3463 αὔξειν
1057 3372 1155 3450 οἷν
1182 3377 1327 3468 μέτ’
1360 3380 1870 3470 ἐστρατευόμην.

436 3488 572 3550 νῦν
597 3479 663 3550 δ’
697 3476 902 3553 οὐδέν
930 3488 1063 3570 εἰμι
1088 3482 1268 3572 παρά
1293 3508 1372 3571 γε
1397 3497 1532 3562 τοῖς
1560 3485 2053 3635 στρατηέῑξίταις,

1430 3803 1689 3873 f,
