2534 3917
912 773 974 838 E
995 771 1541 840 YPIHIAOY

776 972 1684 1085 οΡΕΣΤΗΣ

212 1343 374 1406 >ΗΛ.
463 1334 612 1406 Οὐκ
646 1343 826 1406 ἔστιν
853 1335 1059 1406 οὐδὲν
1087 1336 1321 1406 δεινὸν
1349 1327 1472 1404 οἷδ’
1510 1342 1726 1406 εἰπεῖν
1756 1341 1917 1415 ἔπος

458 1435 620 1506 οὐδὲ
655 1439 872 1518 πάθος
901 1434 1063 1507 οὐδὲ
1091 1436 1409 1526 συμφορὰ
1438 1437 1784 1525 θεήλατος,

456 1530 536 1626 ἧς
566 1535 692 1608 οὐκ
723 1535 809 1607 ἀν
840 1535 1059 1627 ἄραιτ’
1096 1537 1307 1626 ἀχθος
1336 1536 1713 1628 ἀνθρώπου
1744 1539 1967 1626 φύσις.

457 1637 492 1709 ὃ
525 1639 652 1730 γὰρ
681 1640 1002 1728 μακάριος
1021 1693 1040 1728 ,
1071 1639 1240 1711 κούκ
1269 1638 1573 1724 ὀνειδίζω
1601 1639 1822 1728 τύχας,

455 1741 623 1824 Διὸς
651 1742 1002 1831 πεφυκώς,
1035 1739 1124 1824 ὥς
1158 1747 1465 1832 λέγουσι,
1507 1743 1841 1823 Τάνταλος
2203 1766 2238 1816 5

456 1853 764 1934 κορυφῆς
797 1841 1292 1935 ὑπερτέλλοντα
1322 1852 1689 1934 δειμαίνων
1719 1847 1963 1935 πέτρον

457 1944 604 2038 ἀέρι
639 1955 919 2017 ποτᾶται
945 1950 1058 2017 καὶ
1092 1955 1263 2018 τίνει
1293 1949 1547 2036 ταύτην
1575 1953 1793 2035 δίκην,

457 2045 545 2130 (ὃς
579 2050 703 2137 μὲν
731 2052 1077 2138 λέγουσιν,
1109 2048 1211 2120 ὅτι
1238 2061 1429 2130 θεοῖς
1463 2046 1825 2139 ἅνθρωπος
1858 2044 1955 2117 τόν

457 2159 685 2240 κοινῆς
713 2155 1031 2241 τραπέζης
1061 2148 1298 2239 ἀξίωμ’
1331 2143 1501 2240 ἔχων
1538 2163 1705 2238 ἴσον,

456 2250 830 2323 ἀκόλαστον
865 2261 1011 2341 ἔσχε
1039 2261 1382 2342 γλῶσσαν,
1414 2260 1759 2342 αἰσχίστην
1786 2256 2008 2325 νόσον.
2170 2273 2234 2325 10
2275 2317 2296 2325 ,

457 2346 653 2436 οὗτος
681 2355 961 2442 φυτεύει
989 2359 1298 2442 Πέλοπα,
1327 2361 1449 2425 τοῦ
1476 2352 1543 2424 δ’
1570 2352 1839 2447 Ἀτρεὺς
1867 2364 2021 2447 ἔφυ,

457 2447 514 2550 ᾦ
540 2458 874 2544 στέμματα
901 2455 1133 2547 ξήνασ’
1168 2460 1547 2528 ἐπέκλωσεν
1573 2457 1707 2527 θεά

457 2563 603 2648 ἔριν
632 2561 892 2650 Θυέστῃ
928 2558 1222 2648 πόλεμον
1252 2556 1399 2630 όντι
1428 2560 1741 2654 συγγόνῳ

454 2663 706 2730 θέσθαι
723 2684 737 2698 ·
769 2669 840 2731 τί
861 2660 1131 2753 τᾶρρητ’
1165 2660 1762 2753 ἀναμετρήσασθαί
1779 2692 1862 2752 με
1888 2670 1999 2734 δεῖ
2007 2697 2025 2748 ;

455 2769 680 2833 ἔδαισε
709 2761 776 2833 δ’
811 2757 939 2835 οὖν
967 2794 1079 2835 νιν
1105 2764 1285 2836 τέκν’
1326 2763 1723 2846 ἀποκτείνας
1745 2763 2014 2856 Ἀτρεύς
2032 2789 2046 2804 ·
2163 2784 2233 2837 15

448 2861 727 2952 Ἀτρέως
757 2869 863 2952 δέ,
902 2865 1017 2946 τὰς
1043 2865 1172 2956 γὰρ
1202 2872 1277 2937 ἐν
1304 2870 1481 2960 μέσῳ
1510 2875 1677 2956 σιγῶ
1705 2868 1925 2956 τύχας,

457 2962 491 3033 ὁ
524 2965 792 3046 κλεινὸς
822 2974 886 3035 εἰ
907 2967 991 3055 δὴ
1025 2967 1289 3048 κλεινὸς
1322 2967 1753 3058 Ἀγαμέμνων
1780 2978 1913 3058 ἔφυ

460 3066 822 3147 Μενέλεως
849 3096 920 3137 τε
949 3069 1259 3158 Κρήσσης
1287 3070 1535 3160 μητρὸς
1556 3068 1876 3162 Ἀερόπης
1897 3069 2049 3141 ἀπο.

454 3186 658 3256 γαμεῖ
679 3166 744 3239 δ’
775 3167 815 3240 ὃ
842 3170 967 3259 μὲν
997 3168 1080 3259 δὴ
1109 3170 1234 3258 τὴν
1265 3181 1454 3250 θεοῖς
1481 3177 1947 3262 στυγουμένην

456 3275 807 3352 Μενέλαος
832 3269 1140 3360 Ἑλένην,
1169 3268 1207 3343 ὃ
1237 3273 1315 3344 δὲ
1340 3275 1937 3367 Κλυταιμνήστρας
1965 3278 2234 3361 λέχος20

455 3376 780 3462 ἐπίσημον
810 3381 903 3454 εἰς
923 3370 1248 3462 ’Έλληνας
1268 3373 1698 3464 Ἀγαμέμνων
1728 3374 1891 3459 ἅναξ
1908 3400 1921 3413 ·

455 3464 514 3566 ᾦ
546 3479 877 3564 παρθένοι
904 3477 1029 3564 μὲν
1054 3493 1231 3565 τρεῖς
1266 3484 1525 3564 ἔφυμεν
1554 3481 1626 3547 ἐκ
1654 3485 1827 3564 μιᾶς,
