2534 3917
315 129 394 193 18

316 1640 518 1703 ΑΓΛ.

775 129 1239 189 ΙΦΙΓΕΝΕΙΑ
1282 131 1355 187 Η
1388 132 1507 189 EN
1548 130 1859 189 ΑΤΛΙΔΙ

555 307 682 381 πᾶς
713 296 778 369 δ’
814 306 907 381 εἰς
935 302 1110 369 θέαν
1139 296 1367 387 ὅμιλος
1398 305 1656 389 ἔρχεται
1684 300 1936 392 δρόμῳ,

559 402 688 491 σὴν
715 398 902 471 παῖδ’
935 398 1117 483 ὅπως
1149 408 1419 471 ἴδωσιν·
1451 408 1521 470 οἱ
1544 398 1610 471 δ’
1646 398 2043 491 εὐδαίμονες

558 508 633 574 ἐν
661 511 823 574 πᾶσι
852 506 1108 575 κλεινοὶ
1136 506 1250 575 καὶ
1282 510 1712 595 περίβλεπτοι
1739 514 2023 597 βροτοῖς.

558 610 832 695 λέγουσι
860 603 951 676 δ’·
982 600 1301 695 ὑμέναιός
1329 634 1426 687 τις
1454 600 1499 695 ἢ
1528 614 1599 675 τί
1621 608 2019 699 πράσσεται;
2231 626 2343 681 430

556 706 601 799 ἢ
629 709 855 779 πόθον
884 716 1058 798 ἔχων
1085 706 1427 799 θυγατρὸς
1450 706 1881 800 Ἀγαμέμνων
1910 705 2074 793 ἄναξ

556 811 824 900 ἐκόμισε
855 817 1098 895 παῖδας
1129 818 1264 882 τῶν
1295 807 1362 880 δ’
1396 805 1483 880 ἂν
1509 808 1801 903 ἤκουσας’
1833 810 2025 881 τάδε·

550 911 886 1006 Ἀρτέμιδι
914 920 1376 1004 προτελίζουσι
1403 912 1527 1001 τὴν
1556 914 1855 1002 νεάνιδα,

554 1013 857 1099 Αὐλίδος
888 1014 1167 1107 ἀνάσσῃ.
1198 1024 1303 1097 τίς·
1327 1045 1440 1085 νιν
1468 1015 1698 1101 ἄξεταί
1724 1042 1920 1099 ποτε;

559 1116 708 1189 ἄλλ’
743 1118 880 1208 εἶα,
910 1116 1071 1189 τάπὶ
1101 1116 1343 1188 τοισίδ’
1379 1120 1658 1208 ἐξάρχου
1687 1126 1882 1205 κανᾶ,
2232 1138 2339 1191 435

555 1228 1031 1311 στεφανοῦσθε
1062 1228 1275 1312 κρᾶτα
1302 1223 1415 1291 καὶ
1434 1218 1545 1310 σύ,
1558 1224 1920 1303 Μενέλεως
1950 1224 2137 1312 ἅναξ,

555 1321 884 1414 ὑμέναιον
917 1321 1260 1416 εὐτρέπιζε
1291 1326 1406 1393 καὶ
1435 1324 1603 1395 κατὰ
1633 1325 1866 1413 στέγας

553 1426 762 1507 λωτὸς
791 1426 1070 1513 βοάσθω
1100 1428 1215 1494 καὶ
1243 1430 1476 1496 ποδῶν
1504 1434 1671 1498 ἔστω
1703 1426 1983 1506 κτύπος·

557 1535 703 1618 φῶς
732 1526 862 1618 γὰρ
890 1524 1037 1600 τόδ’
1073 1523 1223 1617 ἥκει
1250 1528 1585 1620 μακάριον
1608 1537 1689 1619 τῇ
1718 1531 2063 1621 παρθένῳ.

558 1627 858 1721 ἐπῄνεσ’,
889 1628 1058 1702 ἀλλὰ
1088 1644 1302 1719 στεῖχε
1332 1630 1661 1719 δωμάτων
1690 1639 1819 1703 ἔσω
1837 1653 1854 1669 ·
2231 1648 2337 1703 440

552 1732 635 1802 τὰ
664 1728 731 1802 δ’
763 1728 913 1805 ἄλλ’
949 1733 1178 1823 ἰούσης
1205 1741 1322 1823 τῆς
1349 1734 1551 1824 τύχης
1577 1741 1759 1805 ἔσται
1786 1740 2049 1819 καλῶς]

554 1845 765 1924 οἴμοι,
797 1844 870 1905 τί
895 1842 1005 1926 φῶ
1035 1836 1399 1924 δύστηνος;
1431 1835 1711 1928 ἄρξομαι
1739 1836 1994 1919 πόθεν;

556 1944 650 2021 εἰς
679 1934 768 2008 οἷ’
805 1934 1102 2031 ἀνάγκης
1131 1938 1445 2027 ζεύγματ’
1480 1938 2023 2028 ἐμπεπτώκαμεν.

551 2037 822 2131 ὑπῆλθε
852 2047 1144 2132 δαίμων,
1178 2040 1349 2113 ὥστε
1377 2050 1516 2114 τῶν
1542 2041 1974 2132 σοφισμάτων

550 2150 776 2238 πολλῷ
806 2146 1126 2232 γενέσθαι
1153 2147 1293 2215 τῶν
1320 2146 1501 2232 ἐμῶν
1532 2145 1930 2234 σοφώτερος.
2223 2160 2332 2212 445

553 2242 990 2333 ἡ.δυσγένεια
1017 2242 1084 2315 δ’
1121 2242 1211 2329 ὥς
1241 2250 1374 2331 ἔχει
1401 2276 1465 2317 τι
1491 2246 1836 2339 χρήσιμον.

552 2350 667 2417 καὶ
696 2345 825 2436 γὰρ
858 2353 1194 2438 δακρῦσαι
1221 2352 1472 2439 ρ’ᾳδίως
1504 2347 1733 2433 αὐτοῖς
1763 2358 1918 2438 ἔχει,

553 2445 818 2519 ἅπαντά
844 2447 906 2519 τ’
942 2456 1176 2523 εἰπεῖν.
1209 2454 1306 2545 τῷ
1334 2452 1412 2522 δὲ
1438 2461 1731 2547 γενναίῳ
1760 2453 1991 2542 φύσιν-

553 2548 807 2639 ἄνολβα
836 2558 1065 2625 ταῦτα.
1096 2552 1477 2647 προστάτην
1507 2556 1583 2626 δὲ
1609 2563 1730 2627 τοῦ
1761 2563 1918 2649 βίου

555 2653 676 2725 τὸν
706 2652 914 2745 ὄγκον
943 2665 1180 2748 ἔχομεν
1207 2666 1302 2753 τῷ
1330 2655 1392 2727 τ’
1429 2654 1603 2751 ὄχλῳ
1630 2655 2067 2745 δουλεύομεν.
2232 2672 2329 2725 450

555 2756 686 2846 ε’γῶ
719 2757 850 2851 γὰρ
883 2764 1195 2851 ἐκβαλεῖν
1222 2762 1350 2851 μὲν
1380 2767 1699 2849 αἰδοῦμαι
1728 2759 1969 2851 δάκρυ,

555 2860 628 2930 τὸ
658 2856 749 2948 μὴ
780 2867 1113 2952 δακρῦσαι
1141 2860 1213 2933 δ’
1249 2854 1456 2945 αὖθις
1484 2869 1803 2951 αἰδοῦμαι
1830 2862 2054 2949 τάλας,

553 2969 647 3043 εἰς
675 2960 791 3044 τὰς
823 2973 1134 3051 μεγίστας
1164 2965 1517 3058 συμφορὰς
1549 2962 1936 3055 ἀφιγμένος.

552 3064 724 3152 εἶεν,
753 3072 826 3134 τί
849 3066 1046 3155 φήσω
1075 3066 1240 3158 πρὸς
1269 3068 1572 3160 δάμαρτα
1599 3066 1724 3157 τὴν
1754 3066 1955 3158 ἑμήν;

549 3174 689 3248 πῶς
719 3170 996 3257 δέξομαί
1015 3198 1163 3253 νιν;
1195 3186 1395 3241 ποῖον
1419 3168 1597 3261 ὄμμα
1625 3176 1980 3260 συμβαλῶ,
2227 3185 2335 3236 455

553 3273 668 3341 καὶ
699 3270 826 3363 γάρ
858 3270 930 3360 μ’
965 3268 1257 3344 άπώλεσ’
1291 3271 1400 3346 ἐπὶ
1430 3289 1659 3355 κακοῖς
1692 3269 1736 3342 ἅ
1762 3301 1875 3362 μοι
1900 3269 2084 3361 πάρα

556 3368 839 3444 ἓλθοῦσ’
877 3372 1178 3466 ἄκλητος.
1207 3376 1479 3458 εἰκότως
1508 3372 1575 3446 δ’
1610 3371 1725 3463 ἅμ’
1758 3380 1994 3445 ἕσπετο

552 3480 844 3565 θυγατρὶ
871 3478 1362 3568 νυμφεύσουσα
1390 3481 1501 3548 καὶ
1528 3476 1609 3548 τὰ
1636 3484 1921 3567 φίλτατα
