2534 3917
275 165 402 229 328
1153 166 1435 225 ΡΗΣΟΣ

508 332 752 421 βάντας
781 336 1068 422 ἐγείρειν

511 433 681 523 ἡμᾶς
713 435 970 525 κλήρου
997 431 1165 505 κατὰ
1191 450 1458 524 μοῖραν.

286 648 428 709 ΟΔ.
512 640 884 728 Διόμηδες,
913 634 1040 708 οὐκ
1067 634 1359 728 ἤκουσας
1389 678 1459 689 -
1496 632 1540 727 ἦ
1569 637 1764 721 κενὸς
1790 639 2011 727 ψόφος
2198 660 2321 717 565

512 742 726 824 στάζει
762 737 855 811 δι’
899 737 1130 823 &wem
1160 780 1238 797 -—·
1267 742 1561 827 τευχέων
1586 739 1736 812 τινα
1763 741 2055 825 κτύπους

278 851 402 913 ΔΙ.
511 840 670 930 οὔκ,
700 840 868 913 ἀλλὰ
895 841 1106 930 δεσμὰ
1132 846 1448 912 πωλικῶν
1476 844 1541 925 ἐξ
1569 838 1880 931 ἀντύγων

510 944 732 1027 κλάζει
760 943 1043 1035 σιδήρου
1059 966 1074 980 ·
1111 940 1288 1030 κάμέ
1305 970 1441 1030 τοι,
1472 946 1635 1033 πρὶν
1660 941 1971 1035 ᾐσθόμην

510 1052 777 1135 δεσμῶν
808 1042 1112 1136 ἀραγμὸν
1141 1050 1454 1132 ἱππικῶν,
1490 1050 1613 1119 ἔδυ
1648 1042 1877 1135 φόβος.

287 1156 431 1217 ΟΔ.
515 1144 642 1238 ὅρα
669 1144 817 1217 κατ’
851 1142 1121 1238 ὄρφνην
1147 1144 1237 1235 μὴ
1266 1145 1557 1235 φύλαξιν
1586 1148 1879 1237 ἐντύχῃς.
2189 1168 2312 1225 570

279 1258 404 1319 ΔΙ.
514 1249 898 1339 φυλάξομαί
916 1276 1020 1319 τοι
1045 1246 1175 1319 κάν
1202 1247 1421 1339 σκότῳ
1448 1249 1663 1329 τιθεὶς
1688 1248 1883 1319 πόδα.

286 1360 429 1420 ΟΔ.
510 1347 598 1440 ἦν
627 1349 692 1420 δ’
727 1342 854 1421 οὖν
879 1353 1172 1441 ἐγείρῃς,
1204 1348 1407 1419 οἶσθα
1443 1349 1762 1439 σύνθημα
1789 1359 2117 1441 στρατοῦ;

279 1461 401 1521 ΔΙ.
511 1460 766 1541 Φοῖβον
796 1450 1117 1533 Δόλωνος
1144 1448 1295 1520 οἶδα
1322 1450 1661 1539 σύμβολον
1688 1451 1935 1522 κλύων.

285 1562 429 1623 ΟΔ.
517 1560 622 1623 ἔα·

514 1650 713 1736 εὐνὰς
741 1652 1025 1745 ἐρήμους
1049 1652 1250 1724 τάσδε
1277 1660 1616 1743 πολεμίων
1641 1650 1799 1744 ὁρῶ.

280 1764 402 1824 ΔΙ.
508 1758 621 1827 καὶ
648 1755 782 1846 μὴν
807 1754 1056 1826 Δόλων
1082 1784 1157 1845 γε
1187 1750 1379 1825 τάσδ’
1413 1762 1699 1844 ἔφραζεν
1712 1751 2024 1846 Ἕκτορος
2186 1774 2293 1831 575

510 1866 764 1946 κοίτας,
796 1854 907 1947 ἐφ’
941 1847 1122 1951 ᾧπερ
1153 1866 1340 1947 ἔγχος
1370 1861 1709 1927 εἵλκυσται
1738 1858 1913 1929 τόδε.

286 1968 427 2029 ΟΔ.
510 1968 579 2029 τί
602 1957 751 2048 δῆτ’
789 1956 875 2029 α”ν
905 1969 1044 2049 εἴης
1080 1968 1228 2049 μῶν
1255 1957 1446 2046 λόχος
1472 1961 1722 2048 βέβηκέ
1750 1987 1902 2045 ποι,

277 2069 400 2129 ΔΙ.
510 2072 669 2143 ἴσως
695 2058 806 2151 ἐφ’
844 2058 1007 2151 ἡμῖν
1032 2060 1338 2150 μηχανὴν
1364 2060 1628 2151 στήσων
1654 2060 1824 2131 τινά.

283 2171 424 2231 ΟΔ.
507 2162 773 2259 θρασὺς
799 2161 928 2253 γὰρ
941 2159 1196 2253 Ἕκτωρ
1230 2171 1397 2250 νῦν,
1430 2167 1576 2234 ἐπεὶ
1605 2176 1869 2253 κρατεῖ,
1898 2168 2185 2252 θρασύς.

275 2273 396 2333 ΔΙ.
504 2274 574 2334 τί
596 2261 770 2353 δῆτ’,
793 2261 1155 2350 Ὀδυσσεῦ,
1186 2268 1497 2353 δρῶμεν;
1528 2258 1609 2332 οὐ
1645 2261 1774 2353 γὰρ
1800 2260 2099 2355 ηὕρομεν
2181 2280 2291 2336 580

506 2364 626 2434 τὸν
654 2362 852 2453 ἄνδρ’
887 2368 961 2434 ἐν
990 2361 1250 2451 εὐναῖς,
1285 2368 1579 2433 ἐλπίδων
1606 2360 1673 2432 δ’
1706 2362 2107 2454 ἡμάρτομεν.

279 2475 422 2533 ΟΔ.
505 2473 870 2554 στείχωμεν
903 2462 992 2547 ῶς
1019 2466 1287 2554 τάχιστα
1315 2464 1773 2552 ναυστάθμων
1801 2470 2022 2549 πέλας.

505 2566 698 2652 σῶζει
725 2566 853 2659 γὰρ
884 2563 1094 2638 αὐτὸν
1122 2565 1306 2650 ὅστις
1340 2564 1585 2657 εὐτυχῆ
1614 2574 1803 2638 θεῶν

498 2678 802 2761 τίθησιν·
840 2668 1000 2761 ἡμῖν
1029 2669 1094 2742 δ’
1129 2668 1213 2741 ού
1242 2672 1552 2758 βιαστέον
1586 2669 1815 2758 τύχην.

272 2780 392 2841 ΔΙ.
499 2775 759 2844 οὔκουν
792 2770 899 2844 ἐπ’
932 2776 1188 2844 Αἰνέαν
1221 2768 1264 2862 ἦ
1296 2770 1416 2843 τὸν
1450 2779 1763 2860 ἔχθιστον
1790 2780 2085 2865 Φρυγῶν
2176 2789 2283 2843 585

490 2876 717 2964 Πάριν
741 2876 1025 2961 μολόντε
1050 2873 1175 2964 χρὴ
1211 2889 1616 2965 καρατομεῖν
1649 2877 1865 2963 ξίφει;

274 2983 417 3043 ΟΔ.
498 2982 639 3054 πῶς
663 2965 792 3044 οὖν
817 2978 894 3044 ἐν
922 2973 1146 3065 ὄρφνῃ
1174 2980 1514 3062 πολεμίων
1544 2972 1675 3044 ἀνὰ
1701 2975 1987 3067 στρατὸν

498 3082 710 3164 ζητῶν
741 3076 1021 3165 δυνήσει
1054 3073 1286 3146 τούσδ’
1324 3074 1704 3159 ἀκινδύνως
1732 3093 2041 3161 κτανεῖν;

263 3185 387 3247 ΔΙ.
492 3175 770 3268 αἰσχρόν
796 3204 874 3267 γε
899 3180 1127 3265 μέντοι
1154 3186 1322 3261 ναῦς
1347 3174 1455 3248 ἐπ’
1487 3175 1809 3269 Ἀργείων
1834 3189 2090 3268 μολεῖν,

493 3279 825 3364 δράσαντε
854 3279 1067 3369 μηδὲν
1092 3288 1455 3371 πολεμίους
1480 3281 1833 3373 νεῶτερον.
2164 3299 2278 3354 590

267 3387 411 3448 ΟΔ.
489 3387 630 3460 πῶς
658 3376 724 3449 δ’
756 3378 839 3451 οὐ
873 3384 1236 3473 δέδρακας;
1269 3382 1353 3453 οὐ
1383 3382 1703 3454 κτανόντε
1732 3383 2190 3472 ναυστάθμων

491 3480 912 3553 κατάσκοπον
937 3484 1227 3554 Δόλωνα
1259 3483 1552 3572 σῶζομεν
1586 3483 1745 3553 τάδε
