2534 3917
1081 169 1363 229 ΡΗΣΟΣ
2110 169 2234 235 335

451 340 819 429 ἐπτηξάτην
843 366 914 409 τε
941 335 1434 427 κάνεχωρείτην
1460 338 1661 407 πάλιν
1679 360 1693 377 ·
2134 357 2236 413 775

454 441 683 531 ἤπυσα
711 438 778 511 δ’
811 437 1040 522 αὐτοῖς
1065 438 1155 530 μὴ
1184 440 1586 524 πελάζεσθαι
1613 448 1897 534 στρατῷ,

455 551 724 625 κλῶπας
753 543 1036 632 δοκήσας
1063 542 1429 632 συμμάχων
1456 542 1748 615 πλάθειν
1776 543 1981 625 τινάς.

454 652 526 715 οἳ
550 644 616 715 δ’
653 642 891 716 οὐδέν·
921 642 1004 715 οὐ
1030 644 1165 733 μὴν
1187 647 1338 717 οὐδ’
1362 642 1491 733 ἐγὼ
1520 642 1603 714 τὰ
1628 652 1930 733 πλείονα,

453 738 662 833 ηὗδον
691 745 756 817 δ’
789 744 1112 817 ἀπελθών
1137 736 1344 829 αὖθις
1372 753 1465 827 είς
1493 756 1724 836 κοίτην
1752 747 1976 819 πάλιν.
2104 766 2110 771 ·

455 858 574 918 καί
595 878 708 938 μοι
736 847 901 919 καθ’
935 845 1155 920 ὕπνον
1183 849 1345 932 δόξα
1369 878 1467 931 τις
1492 858 1889 939 παρίσταται
1906 872 1922 888 ·
2132 868 2235 924 780

463 957 708 1034 ἵππους
733 951 862 1042 γὰρ
893 948 970 1033 ἃς
997 958 1258 1042 ἔθρεψα
1286 947 1837 1041 κάδιφρηλάτουν

447 1050 652 1147 Ῥήσῳ
678 1052 1054 1144 παρεστώς,
1086 1053 1306 1140 εἶδον,
1338 1050 1427 1135 ῶς
1452 1050 1619 1140 ὄναρ
1649 1060 1893 1142 δοκῶν,

457 1154 704 1235 λύκους
733 1159 1196 1244 ἐπεμβεβῶτας
1223 1158 1505 1245 ἑδραίαν
1532 1157 1723 1245 ρ”άχιν
1740 1180 1753 1196 ·

454 1263 768 1327 θείνοντε
793 1256 859 1327 δ’
893 1254 1068 1348 οὐρᾷ
1093 1265 1389 1344 πωλικῆς
1416 1260 1611 1345 ῥινοῦ
1640 1267 1852 1350 τρίχα,

456 1356 792 1447 ἤλαυνον,
822 1369 900 1429 αἳ
920 1356 987 1430 δ’
1021 1366 1343 1448 ἔρρεγκον
1370 1362 1435 1441 ἐξ
1465 1363 1801 1449 ἀρτηριῶν
2132 1376 2243 1433 785

456 1459 686 1548 θυμὸν
712 1466 1038 1533 πνέουσαι
1064 1458 1519 1549 κάνεχαίτιζον
1547 1462 1787 1551 φόβην.

460 1562 590 1651 ἐγω
621 1560 686 1632 δ’
720 1561 1000 1651 ἀμύνων
1025 1570 1244 1654 θῆρας
1272 1568 1685 1654 ἐξεγείρομαι

457 1664 780 1736 πώλοισιν
797 1689 812 1705 ·
843 1673 1121 1753 ἔννυχος
1147 1665 1277 1758 γὰρ
1305 1665 1563 1756 ἐξώρμα
1591 1666 1823 1756 φόβος.

457 1766 642 1836 κλύω
671 1764 737 1836 δ’
769 1768 1016 1859 ἐπάρας
1043 1774 1255 1856 κρᾶτα
1280 1767 1667 1856 μυχθισμὸν
1690 1776 1975 1860 νεκρῶν.

318 1946 334 1959 χ
455 1867 709 1959 θερμὸς
735 1869 814 1940 δὲ
837 1866 1122 1959 κρουνὸς
1148 1869 1482 1940 δεσπότου
1508 1867 1688 1959 παρὰ
1715 1884 2005 1959 σφαγαῖς
2132 1886 2235 1941 790

457 1972 688 2060 βάλλει
714 2001 796 2060 με
827 1978 1375 2061 δυσθνητοῦντος
1403 1976 1675 2060 αἵματος
1701 1975 1885 2042 νέου.

455 2070 665 2164 όρθός
701 2072 769 2144 δ’
802 2072 1068 2168 ἀνᾴσσω
1093 2075 1268 2166 χειρὶ
1297 2071 1429 2143 σὺν
1454 2079 1618 2163 κενῇ
1647 2074 1866 2164 δορός.

456 2182 578 2245 καί
595 2173 670 2265 μ’
703 2182 890 2265 ἔγχος
917 2174 1291 2264 αὐγάζοντα
1315 2178 1430 2246 καὶ
1454 2174 1860 2267 θηρώμενον

457 2283 641 2348 παίει
667 2278 1006 2368 παραστὰς
1031 2293 1266 2369 νεῖραν
1297 2284 1391 2359 εἰς
1420 2276 1723 2368 πλευρὰν
1748 2280 1929 2367 ξίφει

458 2376 626 2469 ἀνὴρ
658 2377 962 2469 ἀκμάζων
979 2402 995 2418 ·
1026 2380 1380 2468 φασγάνου
1406 2378 1534 2469 γὰρ
1560 2377 1873 2469 ᾐσθόμην
2130 2392 2231 2451 795

455 2488 713 2569 πληγῆς
730 2532 750 2570 ,
780 2491 1070 2570 βαθεῖαν
1096 2478 1304 2551 ἄλοκα
1330 2481 1699 2572 τραύματος
1726 2481 1975 2572 λαβών.

459 2591 677 2653 πίπτω
709 2584 784 2654 δὲ·
811 2583 1096 2674 πρηνής·
1129 2589 1198 2651 οἳ
1225 2579 1293 2651 δ’
1326 2581 1539 2671 ὄχημα
1567 2582 1866 2653 πωλικὸν

457 2685 774 2809 λαβόντες
801 2690 1025 2755 ἵππων
1052 2689 1239 2754 ’ἵεσαν
1267 2691 1453 2774 φυγῇ
1482 2683 1677 2755 πόδα.

461 2814 503 2854 α
536 2816 597 2855 α.

457 2884 671 2976 ὀδύνη
699 2916 780 2976 με
810 2896 1046 2978 τείρει,
1076 2885 1344 2959 κούκέτ’
1376 2884 1717 2977 ὀρθοῦμαι
1742 2886 1960 2967 τάλας.

451 2992 567 3059 καὶ
593 2988 946 3079 ξυμφορὰν
970 2991 1094 3079 μὲν
1119 2988 1251 3061 οἶδ’
1284 2988 1498 3079 ὁρῶν,
1527 2989 1752 3083 τρόπω
1780 2984 1847 3059 δ’
1880 2985 2012 3081 ὅτῳ
2128 3002 2232 3057 800

452 3098 778 3163 τεθνᾶσιν
805 3098 876 3162 oc
898 3093 1223 3175 θανόντες
1247 3090 1375 3163 οὐκ
1404 3100 1529 3182 ἔχω
1561 3092 1834 3184 φράσαι,

453 3190 608 3263 οὐδ’
643 3198 708 3277 ἐξ
737 3192 972 3276 ὁποίας
995 3196 1232 3286 χειρός.
1273 3197 1529 3267 εἰκάσαι
1558 3200 1640 3265 δέ
1660 3223 1777 3281 μοι

454 3296 734 3385 πάρεστι
759 3296 983 3388 λυπρὰ
1014 3297 1182 3387 πρὸς
1209 3306 1432 3386 φίλων
1460 3299 1896 3368 πεπονθέναι.

225 3405 364 3467 ΧΟ.
445 3394 674 3486 ἡνίοχε
703 3397 965 3489 Θρῃκὸς
992 3407 1111 3471 τοῦ
1141 3407 1362 3481 κακῶς
1388 3398 1822 3490 πεπραγότος,

451 3500 664 3587 μηδὲν
689 3497 946 3584 δύσοιζ’
979 3499 1062 3572 οὗ
1090 3509 1447 3591 πολεμίους
1475 3507 1717 3590 δρᾶσαι
1743 3499 1923 3569 τάδε.
2129 3510 2233 3565 805
