2534 3917
189 668 194 674 .
282 619 420 680 XO.

1121 233 1477 292 ΜΗΛΕΙΑ
2168 235 2293 302 215

504 399 804 494 νύμφευ’
828 425 841 440 ·
877 413 1036 484 ἴσως
1062 403 1224 491 γάρ,
1255 402 1387 472 σὺν
1417 409 1559 495 θεῷ
1591 400 1657 471 δ’
1694 405 2047 494 εἰρήσεται,
2193 421 2295 476 625

507 524 739 596 γαμεῖς
767 512 1076 575 τοιοῦτον
1107 501 1277 574 ὥστε
1304 501 1372 574 σ’
1408 502 1767 593 ἀρνεῖσθαι
1799 507 2033 596 γάμον.

504 617 744 699 ἔρωτες
774 604 946 696 ὑπὲρ
976 608 1101 695 μὲν
1131 605 1305 695 ἄγαν
2021 635 2164 700 στρ.

507 712 824 791 ἐλθόντες
853 707 980 779 οὐκ
1011 706 1327 792 εὐδοξίαν

509 810 661 882 οὐδ’
699 810 946 903 ἀρετὰν
974 815 1377 901 παρέδωκαν

507 913 866 1007 ἀνδράσιν·
900 922 962 984 εἰ
991 912 1059 984 δ’
1092 911 1238 995 ἅλις
1268 922 1461 984 ἔλθοι
2190 935 2293 989 630

507 1017 802 1108 Κύπρις,
837 1014 963 1086 οὐκ
993 1015 1160 1086 ἄλλα
1190 1015 1353 1097 θεὸς
1387 1014 1655 1109 εὔχαρις
1685 1015 1917 1098 οὕτως.

507 1116 748 1207 μήποτ’
769 1172 786 1206 ,
819 1111 874 1188 ὦ
903 1117 1236 1206 δέσποιν’,
1265 1115 1372 1188 ἐπ’
1407 1123 1552 1208 ἐμοὶ

505 1224 811 1310 χρυσέων
837 1221 1049 1303 τόξων
1078 1224 1308 1309 ἐφείης

509 1325 714 1414 ἱμέρῳ
745 1321 1008 1412 χρίσασ’
1045 1320 1354 1411 ἄφυκτον
1382 1324 1629 1394 οἰστόν.

507 1427 772 1514 στέργοι
801 1427 881 1494 δέ
907 1453 988 1515 με
1017 1425 1451 1516 σωφροσύνα,
2012 1423 2151 1494 ἀντ.
2188 1442 2291 1496 635

507 1527 784 1616 δώρημα
810 1527 1165 1598 κάλλιστον
1194 1535 1415 1597 θεῶν·
1888 1554 1893 1560 ·

505 1633 680 1717 μηδέ
703 1626 852 1698 ποτ’
888 1627 1309 1719 ἀμφιλόγους
1337 1626 1457 1718 ὀρ-

506 1731 628 1819 γὰς
655 1729 983 1821 ἀκόρεστά
1011 1760 1083 1802 τε
1111 1740 1302 1820 νείκη

507 1831 738 1920 θυμὸν
768 1832 1122 1921 ἐκπλήξασ’
1159 1837 1410 1922 ἑτέροις
1445 1836 1555 1902 ἐπὶ
1582 1837 1878 1922 λέκτροις

513 1935 884 2024 προσβάλοι
912 1933 1104 2005 δεινὰ
1133 1934 1433 2023 Κύπρις,
1468 1931 1549 2004 ἀ-
2188 1951 2291 2006 640

505 2040 876 2125 πτολέμους
905 2035 970 2106 δ’
1008 2034 1207 2118 εὐνὰς
1235 2035 1568 2125 σεβίζουσ’

506 2135 827 2229 ὀξύφρων
854 2148 1078 2229 κρίνοι
1107 2143 1261 2228 λέχη
1296 2148 1663 2227 γυναικῶν.

509 2233 564 2309 ὦ
590 2250 860 2331 πατρίς,
895 2234 950 2310 εὖ
979 2242 1285 2330 δώματα,
1315 2241 1404 2331 μὴ
1672 2289 1681 2299 »
2018 2262 2158 2330 στρ.

506 2341 652 2432 δῆτ’
689 2341 922 2424 ἄπολις
948 2351 1273 2434 γενοίμαν

505 2444 624 2515 τὸν
654 2443 1020 2534 ἀμηχανίας
1051 2455 1295 2535 ἔχουσα
2188 2461 2289 2515 645

506 2550 925 2638 δυσπέρατον
961 2546 1183 2635 αἰῶν’,

501 2649 931 2738 οἰκτρότατον
962 2648 1197 2738 ἀχέων.

507 2752 783 2845 θανάτῳ
809 2752 1087 2844 θανάτῳ
1117 2751 1325 2842 πάρος
1354 2758 1637 2840 δαμείην

507 2850 763 2944 ἁμέραν
791 2852 983 2924 τάνδ’
1017 2853 1419 2938 ἐξανύσασα·
1450 2856 1576 2943 μό·-

503 2967 696 3043 χθων
723 2954 790 3026 δ’
823 2953 950 3026 οὐκ
979 2955 1176 3038 ἄλλος
1203 2954 1511 3048 ὕπερθεν
1538 2953 1579 3045 ἢ
2188 2974 2289 3027 650

503 3066 626 3147 γᾶς
657 3067 939 3148 πατρίας
967 3061 1347 3148 στέρεσθαι.

505 3167 796 3250 εἴδομεν,
827 3159 954 3232 οὐκ
983 3165 1047 3244 ἐξ
1077 3165 1327 3251 ἑτέρων
2042 3155 2182 3229 ἀντ.

498 3271 738 3350 ,μῦθον
766 3271 892 3351 ἔχω
923 3263 1319 3353 φράσασθαι
1337 3287 1350 3301 ·

497 3369 576 3437 σὲ
609 3364 739 3455 γὰρ
770 3362 854 3435 οὐ
889 3367 1114 3453 πόλις,
1144 3363 1228 3434 οὐ
1259 3374 1482 3452 φίλων
1510 3395 1607 3445 τις
2185 3382 2287 3434 655

890 3485 992 3541 627
1010 3515 1081 3523 --
1105 3487 1210 3540 634
1229 3507 1315 3532 z:
1338 3486 1441 3541 635
1460 3514 1531 3522 --
1552 3487 1657 3541 642

889 3583 992 3638 6³13
1011 3611 1076 3620 ··-
1107 3586 1316 3640 6512:
1342 3586 1445 3640 652
1475 3609 1531 3619 -
1554 3585 1658 3638 662
