2534 3917
297 204 423 268 298

307 386 438 445 ΟΡ.

305 489 366 545 Φ
383 489 439 545 Ρ.

313 692 442 750 ΟΡ.

307 793 443 852 ΦΡ.

315 996 444 1055 ΟΡ.

311 1200 445 1257 ΦΡ.

315 1301 444 1359 ΟΡ.

309 1504 444 1562 ΦΡ.

309 1708 371 1765 0
382 1706 444 1763 P.

310 1910 444 1969 ΟΡ.

307 3432 451 3494 XO.

1103 204 1489 263 ΟΡΕΣΤΗΣ

535 368 668 446 ὦδε
697 370 827 444 κάν
863 381 1073 464 Τροίᾳ
1099 378 1373 462 σίδηρος
1390 376 1599 458 [πᾶσι]
1610 374 1866 463 Φρυξὶν
1892 364 1983 463 ἦν
2012 373 2267 461 φόβος;

533 476 736 565 άπεχε
794 476 1178 564 φάσγανον·
1248 475 1451 555 πέλας
1505 472 1633 563 γὰρ
1704 472 1936 543 δεινὸν
2002 470 2327 563 ἀνταυγεῖ

1216 575 1455 664 φόνον.

534 682 624 771 μὴ
653 684 892 770 πέτρος
917 681 1082 768 γένῃ
1109 680 1449 763 δέδοικας,
1481 673 1652 745 ὥστε
1690 675 1979 767 Γοργόν’
2015 679 2328 758 εἰσιδών;

535 781 626 872 μὴ
654 783 779 870 μὲν
807 772 934 851 οὖν
961 780 1234 869 νεκρός·
1262 776 1339 848 τὸ
1352 786 1656 868 Γοργοῦς
1690 775 1757 848 δ’
1792 776 1876 847 οὐ
1906 776 2159 849 κάτοιδ’
2191 780 2326 867 ἐγώ

1228 880 1316 951 κά
1358 910 1420 951 α.
2190 900 2329 951 1521

536 992 777 1067 δοῦλος
803 980 902 1053 ὦν
931 992 1137 1073 φοβεῖ
1158 983 1278 1053 τὸν
1300 910 1573 1072 ἒΑιδην,
1612 980 1687 1065 ὅς
1715 980 1781 1052 σ’
1814 979 2175 1063 ἀπαλλάξει
2202 1010 2333 1051 κα-

1219 1114 1399 1166 κωνς

536 1198 663 1273 πᾶς
691 1186 861 1280 ἀνήρ
878 1241 898 1275 ,
929 1184 1060 1257 κάν
1087 1194 1331 1269 δοῦλος
1357 1179 1403 1277 ᾖ
1428 1214 1547 1275 τις,
1581 1185 1812 1274 ἥδεται
1841 1185 1916 1255 τὸ
1944 1192 2091 1273 φώς
2116 1182 2327 1275 ὁρῶν.

538 1283 620 1361 εὖ
675 1294 924 1380 λέγεις,
979 1291 1171 1375 σώζει
1223 1312 1301 1361 σε
1354 1288 1624 1371 σύνεσις
1642 1311 1656 1325 ·
1715 1284 1883 1357 ἀλλὰ
1934 1284 2114 1376 βαῖν’
2165 1298 2327 1357 εἴσω

1222 1393 1471 1479 δόμων.

537 1491 664 1563 οὐκ
693 1490 825 1581 ἄρα
852 1508 1108 1571 κτενεῖς
1132 1490 1243 1579 μ’;
1283 1500 1413 1559 ΟΡ.
1444 1488 1736 1579 ἀφεῖσαι.
1768 1499 1901 1559 ΦΡ.
1931 1490 2142 1560 καλὸν
2170 1500 2327 1571 ἔπος

1229 1594 1444 1681 λέγεις
1470 1593 1645 1663 τόδε.
2188 1610 2317 1671 1525

538 1693 708 1764 ἀλλὰ
738 1695 1481 1784 μεταβουλευσόμεσθα.
1511 1704 1645 1763 ΦΡ.
1662 1702 1862 1763 τοῦτο
1890 1691 1957 1762 δ’
1992 1691 2076 1762 οὐ
2105 1700 2325 1773 καλῶς

1217 1799 1451 1885 λέγεις.

536 1907 777 1989 μῶρος,
802 1905 864 1967 εἰ
883 1903 1100 1978 δοκεῖς
1132 1926 1214 1987 με
1241 1906 1477 1986 τλῆναι
1504 1896 1632 1986 σὴν
1658 1897 2067 1986 καθαιμάξαι
2093 1899 2321 1986 δέρην·

538 1998 697 2072 οὔτε
752 2002 882 2093 γὰρ
939 1998 1113 2089 γυνὴ
1167 2004 1477 2088 πέφυκας
1534 1996 1679 2070 οὔτ’
1723 2004 1799 2069 ἐν
1852 1995 2182 2087 ἀνδράσιν
2235 2000 2327 2069 σύ

1218 2098 1287 2189 γ’
1322 2102 1399 2171 εἶ.

541 2214 664 2275 τοῦ
712 2206 789 2275 δὲ
839 2204 929 2294 μὴ
977 2211 1220 2291 στῆσαί
1272 2228 1349 2273 σε
1402 2201 1709 2294 κραυγὴν
1783 2200 1988 2273 εἵνεκ’
2032 2206 2329 2291 ἐξῆλθον

1228 2304 1488 2392 δόμων·

542 2406 662 2489 ὀξὺ
691 2406 820 2496 γὰρ
850 2414 1012 2496 βοῆς
1044 2403 1349 2475 ἀκοῦσαν
1365 2402 1612 2495 ’Ἄργος
1639 2410 2054 2497 ἐξεγείρεται.
2187 2425 2327 2479 1530

538 2512 905 2579 [Μενέλεων
944 2504 1010 2577 δ’
1045 2506 1129 2578 οὐ
1155 2507 1400 2599 τάρβος
1425 2506 1588 2597 ἡμῖν
1626 2505 1991 2596 ἀναλαβεῖν
2021 2519 2179 2578 εἴσω
2219 2513 2327 2591 ξί-

1220 2633 1427 2700 φους·

539 2712 686 2785 ἀλλ’
729 2725 845 2785 ἴτω
877 2718 1152 2797 ξανθοῖς
1197 2710 1305 2784 ἐπ’
1354 2709 1557 2801 ώμων
1597 2714 1993 2802 βοστρύχοις
2021 2714 2325 2801 γαυρού-

1215 2837 1444 2903 μενος·

541 2926 604 2986 εἰ
630 2917 759 3005 γὰρ
783 2915 1124 3005 Ἀργείους
1153 2916 1377 2998 ἐπάξει
1405 2922 1630 2987 τοῖσδε
1658 2918 1962 3005 δώμασιν
1989 2916 2237 3004 λαβών,

540 3017 658 3085 τὸν
675 3014 940 3104 Ἑλένης
967 3018 1184 3104 φόνον
1211 3016 1515 3105 διώκων,
1557 3015 1725 3107 κάμὲ
1763 3017 1854 3107 μὴ
1884 3017 2121 3103 σώζειν
2146 3020 2323 3107 θέλῃ

533 3116 870 3205 σύγγονόν
903 3114 963 3185 τ’
998 3115 1164 3205 ἐμὴν
1176 3117 1505 3207 Πυλάδην
1532 3147 1603 3189 τε
1636 3119 1755 3189 τὸν
1782 3122 1943 3191 τάδε
1970 3124 2324 3209 ξυνδρῶν-

1214 3220 1297 3289 τά
1322 3248 1455 3309 μοι,
2186 3238 2321 3291 1535

540 3325 889 3412 παρθένον
919 3350 992 3393 τε
1025 3324 1140 3392 καὶ
1174 3322 1478 3415 δάμαρτα
1519 3322 1647 3395 δύο
1680 3325 1901 3414 νεκρὼ
1937 3324 2319 3405 κατόψεται.

535 3424 614 3492 ἰὼ
652 3424 731 3493 ἰώ
759 3425 946 3513 τύχα,
2010 3422 2153 3493 ἀντ.
