2534 3917
221 891 356 952 TA.

210 1195 355 1258 ΕΚ.

209 1601 353 1662 ΧΟ.

206 1805 349 1866 ΕΚ.

204 2211 351 2274 ΧΟ.

202 2617 349 2678 ΕΚ.

203 2719 350 2780 ΧΟ.

201 2820 347 2882 ΕΚ.

206 2923 350 2982 ΧΟ.

207 3024 349 3085 ΕΚ.

204 3226 349 3288 ΧΟ.

348 3385 359 3392 .
438 3318 597 3399 τοὺς
628 3316 828 3407 έμούς
856 3321 1156 3388 καλοῦσα
1188 3320 1440 3406 νέρθεν

1036 202 1468 262 ΤΡΩΙΑΔΕΣ
2098 205 2221 270 387

442 377 779 461 πιμπρᾶσί
800 367 893 458 α’,
920 367 1089 459 ἡμᾶς
1117 368 1183 440 δ’
1226 367 1537 458 έξάγουσ’
1576 368 1707 460 ἤδη
1735 373 1986 460 χθονὸς

445 473 721 554 δούλας·
755 470 835 542 ἰαὶ
862 480 1036 543 θεοί.
1068 475 1182 541 καὶ
1209 479 1280 542 τί
1303 471 1460 554 τοὺς
1486 472 1694 554 θεοὺς
1721 483 1938 559 καλῶς
2089 493 2225 548 1280

441 579 553 646 καὶ
582 576 746 666 πρὶν
774 573 902 664 γὰρ
930 571 1057 644 οὐκ
1088 569 1393 662 ἤκουσαν
1421 571 1976 665 ἀνακαλούμενοι.

442 675 595 769 φέρ’
630 683 724 758 εἰς
751 675 977 767 πυρὰν
1005 675 1400 766 δράμωμεν,
1433 672 1522 758 ὥς
1552 676 1869 748 κάλλιστά
1893 708 2007 768 μοι

443 779 573 849 σὺν
601 785 761 868 τῇδε
788 783 1061 868 πατρίδι
1087 788 1457 848 κατθανεῖν
1483 784 1895 870 πυρουμένῃ.

442 886 805 973 ἐνθουσιᾷς
819 932 838 968 ,
869 879 1190 968 δύστηνε,
1219 895 1359 962 τοῖς
1385 887 1634 969 σαυτῆς
1660 897 1888 963 κακοῖς
1904 905 1919 918 ·

443 980 589 1051 ἀλλ’
622 980 815 1070 ἄγετε
832 1033 850 1069 ,
878 980 970 1070 μὴ
1000 979 1356 1070 φείδεσθ’ψ·
1379 980 1751 1064 Ὀδυσσέως
1780 984 1856 1055 δὲ
1881 982 2007 1073 χρὴ
2092 1002 2222 1056 1285

446 1091 539 1166 εἰς
562 1098 753 1174 χεῖρα
781 1089 1025 1153 δοῦναι
1053 1083 1255 1173 τήνδε
1283 1087 1396 1155 καὶ
1422 1085 1709 1174 πέμπειν
1735 1089 1952 1177 γέρας.

438 1184 903 1256 ὀτοτοτοτοτοῖ.

440 1288 723 1377 Κρόνιε,
755 1287 1045 1377 πρύτανι
1072 1288 1366 1377 Φρύγιε,
1401 1291 1636 1376 γενέτα

444 1389 650 1479 πάτερ
665 1441 684 1477 ,
716 1386 952 1470 ἀνάξια
980 1395 1097 1470 τᾶς
1122 1389 1494 1480 Δαρδάνου

441 1498 643 1581 γονᾶς
669 1488 819 1560 τάδ’
853 1485 961 1559 οἶα
988 1491 1328 1579 πάσχομεν
1357 1494 1712 1580 δέδορκας;
2087 1510 2216 1564 1290

442 1596 798 1684 δέδορκεν,
828 1589 871 1661 ἆ
899 1592 975 1662 δὲ
1003 1593 1449 1682 μεγαλόπολις

442 1693 675 1774 ἄπολις
703 1691 963 1764 ὄλωλεν
989 1691 1143 1765 οὐδ’
1184 1691 1280 1764 ἔτ’
1313 1701 1453 1764 ἔστι
1488 1700 1715 1783 Τροία.

432 1794 895 1867 ὀτοτοτοτοτοῖ.

438 1902 772 1985 λέλαμπεν
789 1893 989 1978 Ἴλιος
1013 1923 1184 1986 περ-
2079 1915 2209 1968 1295

437 2003 669 2089 γάμων
697 2025 769 2068 τε
799 1999 965 2092 πυρὶ
992 2005 1386 2068 καταίθεται
1412 1998 1702 2088 τέραμνα

437 2105 550 2172 καὶ
577 2101 767 2183 πόλις
794 2098 966 2190 ἄκρα
993 2127 1066 2169 τε
1090 2101 1382 2187 τειχέων.

436 2206 717 2293 πτέρυγι
743 2202 819 2272 δὲ
844 2199 1097 2283 καπνὸς
1124 2198 1215 2282 ὥς
1240 2229 1338 2282 τις
1364 2197 1490 2270 ού-

438 2311 639 2396 ρανίᾳ
665 2311 964 2375 πεσοῦσα
993 2306 1145 2393 δορὶ
1170 2310 1578 2391 καταφθίνει
1605 2309 1710 2390 γᾶ.

436 2404 691 2497 μαλερὰ
718 2409 1023 2495 μέλαθρα
1052 2408 1218 2496 πυρὶ
1244 2404 1628 2495 κατάδρομα
1869 2395 1874 2400 ’
2075 2420 2211 2474 1300

441 2515 611 2601 δαΐῳ
643 2534 713 2576 τε
742 2507 967 2598 λόγχᾳ.

436 2608 514 2680 ἰώ
546 2615 632 2698 γᾶ
656 2609 941 2699 τρόφιμε
970 2614 1107 2676 τῶν
1135 2611 1315 2696 ἐμῶν
1343 2609 1617 2677 τέκνων.
1931 2627 2076 2695 στρ.

434 2803 490 2882 ὦ
516 2815 749 2899 τέκνα,
778 2811 1052 2898 κλύετε,
1080 2809 1332 2898 μάθετε
1359 2807 1604 2900 ματρὸς
1631 2805 1869 2879 αύδάν.

434 2917 680 3006 ἰαλέμῳ
706 2911 864 2993 τοὺς
888 2911 1227 2992 θανόντας
1252 2909 1511 2991 ἀπύεις.

432 3015 669 3106 γεραιά
695 3010 756 3085 τ’
797 3021 890 3095 εἰς
916 3004 1123 3084 πέδον
1148 3025 1412 3083 τιθεῖσα
1437 3016 1658 3102 μέλεα,
2083 3029 2214 3081 1305

436 3119 548 3186 καὶ
574 3116 764 3205 χερσὶ
790 3130 989 3203 γαῖαν
1016 3122 1362 3184 κτυποῦσα
1392 3120 1666 3196 δισσαῖς.

434 3217 712 3306 διάδοχά
737 3237 845 3287 σοι
872 3216 1041 3306 γόνυ
1071 3224 1306 3305 τίθημι
1335 3224 1493 3307 γαίᾳ

439 3418 724 3501 ἀθλίους
750 3416 1039 3500 άκοίτας.

770 3541 1006 3596 1302—
1022 3539 1159 3595 1316
1177 3555 1266 3584 =
1288 3535 1424 3592 1317
1442 3562 1522 3576 —
1535 3535 1672 3590 1332
1702 3609 1783 3670 25
1800 3611 1828 3644 *
