2534 3917
612 191 1073 250 ΙΦΙΓΕΝΕΙΑ
1116 191 1181 248 Η
1222 192 1346 250 ΕΝ
1387 191 1766 250 ΤΑΥΡΟΙΣ
2101 191 2186 258 63

406 369 642 450 τίκτει,
672 359 749 430 τὸ
778 369 1201 432 καλλιστεῖον
1230 368 1324 442 εἰς
1353 359 1459 450 ἔμ’
1493 359 1876 453 άναφέρων,

399 462 485 553 ἢν
510 465 636 556 χρή
664 489 741 533 σε
774 472 1009 533 θῦσαι.
1038 470 1159 532 καί
1177 460 1249 552 μ’
1293 459 1666 546 Ὀδυσσέως
1691 467 1912 554 τέχναι

398 565 646 657 μητρὸς
676 561 1066 654 παρείλοντ’
1098 567 1209 636 ἐπὶ
1236 565 1472 654 γάμοις
1503 561 1867 654 Ἀχιλλέως.
2115 588 2182 642 25

394 674 697 740 ἐλθοῦσα
726 665 797 738 δ’
829 665 1078 738 Αὐλίδ’
1110 664 1153 757 ἡ
1182 665 1442 738 τάλαιν’
1475 664 1649 759 ὑπὲρ
1681 679 1900 760 πυρᾶς

394 780 721 862 μεταρσία
752 767 1074 860 ληφθεῐσ’
1108 769 1471 859 ἐκαινόμην
1497 775 1680 860 ξίφει
1699 795 1714 810 ·

397 872 548 944 ἀλλ’
582 877 935 957 ἐξέκλεψεν
964 881 1219 961 ἔλαφον
1245 870 1614 944 ἀντιδοῦσά
1638 902 1770 964 μου

372 973 687 1066 ’Ἄρτεμις
717 972 1051 1065 Ἀχαιούς,
1083 974 1197 1046 διὰ
1224 977 1302 1047 δὲ
1340 975 1648 1068 λαμπρὸν
1678 981 1922 1069 αἰθέρα

396 1078 712 1168 πέμψασά
737 1077 809 1168 μ’
843 1085 937 1160 εἰς
974 1075 1168 1168 τήνδ’
1202 1075 1450 1173 ᾤκισεν
1485 1080 1771 1171 Ταύρων
1800 1081 2040 1171 χθόνα,
2107 1101 2180 1156 30

388 1173 479 1250 ,οὗ
504 1190 627 1271 γῆς
655 1179 933 1252 ἀνάσσει
959 1181 1362 1272 βαρβάροισι
1388 1182 1730 1273 βάρβαρος

396 1284 607 1372 Θόας,
639 1279 715 1365 ὃς
742 1281 932 1354 ὠκὺν
960 1285 1135 1356 πόδα
1164 1286 1382 1364 τιθεὶς
1411 1294 1562 1354 ἴσον
1591 1301 1857 1375 πτεροῖς

399 1394 491 1468 εἰς
518 1382 799 1475 τοῦνομ’
829 1377 1002 1476 ἦλθε
1029 1387 1185 1460 τόδε
1214 1393 1588 1469 ποδωκείας
1611 1387 1829 1478 χάριν.

396 1506 619 1560 ναοῖσι
648 1487 714 1558 δ’
746 1493 823 1559 ἐν
846 1487 1060 1562 τοῖσδ’
1098 1495 1320 1576 ίερίαν
1345 1497 1586 1580 τίθησί
1604 1518 1708 1579 με,

400 1589 570 1662 ὅθεν
596 1591 861 1681 νόμοισι
890 1608 1107 1662 τοῖσιν
1134 1589 1366 1680 ἥδεται
1392 1591 1522 1662 θεὰ
2105 1613 2172 1667 35

379 1689 691 1785 ’Ἄρτεμις
719 1698 980 1784 ἑορτῆς,
1012 1690 1291 1782 τοῦνομ’
1323 1685 1402 1782 ἧς
1428 1692 1638 1764 καλὸν
1662 1695 1897 1784 μόνον,

396 1795 475 1864 τὰ
506 1794 570 1865 δ’
604 1793 771 1866 ἄλλα
800 1837 875 1850 —-
908 1803 1110 1885 σιγῶ,
1141 1793 1266 1883 τὴν
1292 1795 1463 1865 θεὸν
1492 1801 1908 1885 φοβουμένη.

399 1899 555 1968 θύω
582 1899 711 1991 γὰρ
740 1896 935 1980 ὄντος
963 1907 1087 1969 τοῦ
1111 1898 1330 1986 νόμου
1359 1901 1472 1968 καὶ
1500 1899 1663 1988 πρὶν
1691 1898 1904 1986 πόλει,

399 1995 471 2082 ὃς
496 1997 582 2070 ἄν
610 2005 905 2093 κατέλθῃ
932 2002 1134 2092 τήνδε
1166 2007 1296 2088 γῆν
1321 1996 1569 2088 Ἕλλην
1597 1996 1788 2090 ἀνήρ.

393 2103 801 2194 κατάρχομαι
824 2108 983 2193 μέν,
1012 2104 1269 2193 σφάγια
1297 2099 1365 2173 δ’
1407 2098 1712 2173 αλλοισιν
1737 2105 1916 2191 μέλει
2102 2126 2174 2175 40

394 2201 634 2294 αρρητ’
666 2213 929 2276 ἔσωθεν
954 2202 1159 2276 τῶνδ’
1195 2203 1591 2295 ἀνακτόρων
1616 2212 1801 2288 θεᾶς.

392 2335 436 2374 α
463 2305 664 2378 καινὰ
692 2306 759 2379 δ’
790 2305 938 2396 ἥκει
966 2307 1089 2392 νυξ
1120 2311 1428 2399 φέρουσα
1457 2308 1794 2397 φάσματα,

392 2411 558 2492 λέξω
586 2408 754 2500 πρὸς
781 2399 1033 2501 αἰθέρ’,
1064 2421 1213 2480 εἴτι
1251 2408 1336 2499 δὴ
1364 2407 1509 2482 τόδ’
1543 2408 1683 2481 ἔστ’
1717 2439 1893 2492 ακος.

393 2509 569 2594 ἔδοξ’
604 2509 751 2582 ἐν”
704 2540 900 2605 υπνςο
929 2510 1119 2602 τῆσδ’
1152 2509 1654 2602 ἀπαλλαχθεῖσα
1683 2522 1804 2602 γῆς

395 2619 608 2683 οἰκεῖν
637 2618 710 2684 ἐν
732 2611 999 2705 Ἄργει,
1029 2622 1422 2704 παρθενῶσι
1453 2611 1518 2684 δ’
1551 2619 1626 2684 ἐν
1656 2620 1882 2704 μέσοις
2099 2633 2168 2688 45

394 2711 624 2786 εὕδειν
639 2733 667 2804 ,’
688 2716 939 2805 χθονὸς
966 2724 1043 2787 δὲ
1068 2726 1250 2788 νῶτα
1277 2725 1634 2804 σεισθῆναι
1661 2717 1864 2808 σάλῳ,

394 2818 679 2906 φεύγειν
708 2821 785 2889 δὲ
810 2817 987 2904 κᾶξω
1014 2827 1223 2890 στᾶσα
1248 2813 1542 2909 θριγκόν
1576 2824 1854 2888 εἰσιδεῖν

394 2918 625 3009 δόμων
652 2930 1008 3011 πίτνοντα,
1037 2930 1172 2991 πᾶν
1200 2917 1268 2992 δ’
1303 2927 1648 3011 ἐρείψιμον
1673 2924 1904 3012 στέγος

390 3026 807 3112 βεβλημένον
831 3024 996 3115 πρὸς
1023 3015 1229 3106 οὖδας
1257 3027 1324 3108 ἐξ
1352 3019 1580 3114 ἄκρων
1606 3032 1948 3113 σταθμῶν.

393 3125 598 3212 μόνος
624 3122 691 3195 δ’
724 3131 1012 3254 ἐλείφθη
1045 3134 1321 3216 στῦλος,
1354 3123 1443 3207 ῶς
1485 3129 1672 3210 ἔδοξέ
1709 3155 1840 3248 μοι,
2102 3146 2168 3195 50

397 3227 628 3315 δόμων
657 3229 1006 3323 πατρῴων,
1036 3234 1109 3300 ἐκ
1141 3227 1212 3299 δ’
1246 3230 1631 3318 ἐπικράνων
1657 3229 1866 3328 κρμας

393 3327 648 3412 ξανθας
666 3338 1023 3420 καθεῖναι,
1056 3335 1333 3421 φθέγμα
1363 3329 1428 3402 δ’
1462 3329 1838 3453 ανθρωπου
1867 3337 2123 3417 λαβειν,

393 3428 579 3522 κᾶγῶ
607 3437 848 3522 τέχνην
872 3431 1061 3524 τήνδ’
1092 3463 1180 3523 ην
1207 3443 1334 3524 ἔχω
1361 3429 1760 3518 ξενοκτόνον

391 3535 626 3622 τιμῶσ’
659 3535 1015 3627 ὑδραίνειν
1044 3535 1253 3608 αὐτὸν
1283 3534 1370 3619 ὡς
1398 3535 1851 3620 θανούμενον,
