2534 3917
338 190 461 252 410

341 1082 457 1144 10.

340 1695 487 1756 ΠΟ.

338 1899 457 1961 ΙΟ.

339 2103 485 2165 ΠΟ.

344 2207 458 2266 ΙΟ.

340 2308 485 2369 ΠΟ.

339 2410 458 2469 ΙΟ.

339 2509 485 2570 ΠΟ.

339 2613 456 2673 ΙΟ.

340 2714 487 2776 ΠΟ.

338 2818 457 2877 ΙΟ.

339 2920 486 2980 ΠΟ.

340 3021 459 3082 ΙΟ.

342 3123 489 3184 ΠΟ.

340 3224 457 3287 ΙΟ.

341 3325 487 3388 ΠΟ.

343 3429 457 3488 lo.

346 3528 489 3588 ΠΟ.

1098 191 1555 248 ΦΟΙΝΙΣΣΑΙ

564 363 765 446 [κάρα
797 362 1077 447 ξυρῆκες
1108 359 1217 421 καὶ
1248 359 1543 434 πέπλους
1571 363 2046 448 μελαγχίμους]

570 470 888 549 ἔχουσαν,
919 470 1095 549 οἴμοι
1125 466 1260 528 τῶν
1291 461 1472 544 ἐμῶν
1500 455 1634 545 ἐγὼ
1665 465 1913 528 κακῶν.

570 561 659 645 ὡς
687 561 916 633 δεινὸν
946 569 1190 652 ἔχθρα,
1218 567 1461 650 μῆτερ,
1493 566 1766 629 οἰκείων
1793 569 2023 648 φίλων

568 669 701 758 [καὶ
720 670 1097 743 δυσλύτους
1121 671 1363 751 ἔχουσα
1390 660 1504 743 τὰς
1531 663 1913 751 διαλλαγάς.
2253 678 2350 735 375

569 776 639 837 τί
661 767 789 856 γὰρ
820 766 1034 856 πατήρ
1061 793 1174 855 μοι
1201 767 1497 855 πρέσβυς
1529 767 1604 833 έν
1631 763 1896 852 δόμοισι
1923 769 2079 858 δρᾷ,

570 869 813 939 σκότον
842 866 1213 960 δεδορκώς,
1244 875 1317 936 τί
1339 867 1414 936 δὲ
1441 874 1837 954 κασίγνηται
1868 866 2031 949 δυό;

572 963 614 1058 ἦ
644 997 776 1039 που
806 975 1113 1040 στένουσι
1147 969 1479 1058 τλήμονας
1505 967 1729 1058 φυγὰς
1759 967 1916 1057 ἐμάς
1934 969 1974 1058 ;]

574 1080 793 1153 κακῶς
820 1079 1009 1142 θεῶν
1036 1101 1136 1153 τις
1168 1077 1463 1140 Οἰδίπου
1491 1077 1767 1157 φθείρει
1797 1073 2018 1158 γένος·

570 1172 746 1246 οὕτω
777 1173 905 1265 γὰρ
934 1170 1189 1265 ἤρξατ’,
1225 1171 1441 1263 ἄνομα
1470 1173 1594 1261 μὲν
1622 1188 1844 1242 τεκεῖν
1876 1176 2010 1261 ἐμέ,
2254 1187 2351 1242 380

569 1286 790 1359 κακῶς
817 1278 892 1348 δὲ
916 1285 1123 1366 γῆμαι
1152 1279 1405 1365 πατέρα
1433 1273 1558 1345 σὸν
1586 1283 1810 1363 φῦναί
1832 1302 1905 1344 τε
1931 1278 2025 1344 σε’.

570 1379 741 1471 ἀτὰρ
769 1388 841 1450 τί
864 1388 1107 1462 ταῦτα,
1140 1384 1250 1448 δεῖ
1273 1382 1510 1467 φέρειν
1538 1377 1618 1446 τὰ
1645 1385 1782 1446 τῶν
1810 1384 2015 1446 θεῶν.

571 1480 752 1561 ὅπως
780 1479 844 1550 δ’
879 1489 1162 1569 ἔρωμαι,
1193 1481 1284 1569 μή
1314 1511 1376 1550 τι
1407 1479 1535 1569 σὴν
1562 1481 1746 1549 δάκω
1777 1483 2012 1568 φρένα,

578 1580 829 1670 δέδοιχ’
864 1579 906 1650 ὁὶ
933 1583 1148 1674 χρῄζω
1169 1605 1183 1619 ·
1223 1582 1336 1652 διὰ
1367 1583 1593 1653 πόθου
1621 1579 1689 1651 δ’
1723 1583 2044 1670 ἐλήλυθα.

574 1680 722 1754 ἀλλ’
756 1685 1076 1808 ἐξερώτα,
1104 1685 1320 1773 μηδὲν
1347 1685 1570 1765 ἐνδεὲς
1597 1692 1793 1774 λίπῃς
1811 1706 1824 1721 ·
2252 1699 2352 1754 385

574 1784 618 1856 ἃ
647 1815 775 1877 γαρ
803 1786 891 1857 σύ
918 1787 1187 1875 βούλει,
1220 1784 1412 1857 ταυτ’
1447 1791 1598 1874 ἐμοί
1611 1839 1630 1874 ,
1659 1794 1901 1874 μῆτερ,
1932 1793 2118 1872 φίλα.

565 1893 678 1960 καὶ
705 1889 791 1979 δή
819 1888 881 1960 σ’
916 1894 1140 1980 ε’ρωτῶ
1170 1917 1443 1979 πρωτον
1476 1917 1575 1958 ων
1606 1890 1820 1979 χρῄζω
1856 1902 2112 1974 τυχεῖν,

570 2000 642 2062 τί
663 1991 737 2061 τὸ
765 1994 1121 2082 στέρεσθαι
1150 1997 1506 2082 πατρίδος,
1537 1981 1580 2078 ἦ
1605 1990 1818 2061 κακὸν
1844 1994 2045 2078 μέγας

566 2097 911 2183 μέγιστον·
945 2101 1118 2186 ἔργω
1149 2091 1215 2162 δ’
1253 2096 1392 2164 ἐστὶ
1419 2108 1642 2180 μεῖζον
1669 2088 1714 2182 ἦ
1741 2093 1939 2184 λόγω.

567 2193 725 2278 τίς’
694 2224 730 2266 ο
761 2196 1004 2285 τρόπος
1031 2194 1282 2278 αὐτοῦς
1313 2205 1384 2265 τί
1405 2219 1706 2285 φυγασιν
1735 2193 1807 2265 τὸ
1842 2196 2194 2283 δυσχερές,
2253 2211 2352 2264 390

568 2295 645 2368 ἓν
672 2299 797 2386 μὲν
823 2302 1170 2387 μέγιστον,
1200 2295 1328 2366 οὐκ
1367 2305 1498 2385 ἔχει
1528 2305 1925 2388 παρρησίαν.

566 2400 819 2469 δούλου
847 2397 991 2468 τόδ’
1027 2399 1245 2484 εἶπας,
1277 2398 1367 2487 μὴ
1400 2403 1621 2488 λέγειν
1657 2397 1699 2468 ἅ
1728 2428 1826 2480 τις
1854 2414 2115 2489 φρονεῖ.

570 2498 685 2580 τὰς
710 2506 849 2569 τῶν
875 2499 1308 2590 κρατούντων
1335 2498 1630 2591 ἀμαθίας
1660 2505 1898 2592 φέρειν
1925 2500 2163 2591 χρεών.

564 2605 677 2672 καὶ
704 2609 901 2674 τοῦτο
930 2601 1221 2694 λυπρόν,
1250 2619 1668 2694 συνασοφεῖν
1697 2619 1836 2686 τοῖς
1862 2603 1952 2695 μὴ
1981 2619 2238 2691 σοφοῖς.

569 2703 718 2775 ἀλλ’
761 2712 853 2788 εἰς
881 2704 956 2776 τὸ
986 2708 1222 2794 κέρδος
1250 2705 1432 2798 παρὰ
1464 2706 1676 2794 φύσιν
1704 2709 2130 2777 δουλευτέον.
2251 2723 2351 2776 395

564 2815 640 2879 αι’
662 2805 727 2878 δ’
763 2813 1025 2890 ἐλπίδες
1051 2808 1377 2897 βόσκουσι
1404 2809 1745 2898 φυγάδας,
1779 2805 1868 2891 ὥς
1896 2807 2109 2896 λόγος.

566 2920 794 2991 καλοῖς
821 2913 1189 3000 βλέπουσαί
1205 2907 1267 2996 γ’
1295 2907 1604 3002 ὄμμασιν,
1625 2915 1940 3001 μέλλουσι
1971 2913 2064 2979 δέ.

566 3008 722 3081 οὐδ’
757 3008 793 3079 ὁ
822 3013 1062 3102 χρόνος
1088 3008 1296 3094 αὐτὰς
1322 3010 1681 3102 ommim&
1715 3011 1920 3094 οὔσας
1947 3012 2184 3096 κενάς,
2167 3045 2182 3060 ·

574 3121 843 3201 ἔχουσιν
880 3115 1255 3201 ἀφροδίτην
1303 3112 1433 3185 τιν’
1471 3113 1708 3204 ἡδεῖαν
1734 3117 1986 3186 κακων.

564 3216 783 3286 πόθεν
824 3213 893 3286 δ’
927 3215 1208 3305 ἐβόσκου
1239 3218 1403 3306 πρὶν
1429 3247 1662 3306 γαμοις
1693 3215 1920 3308 εὑρεῖν
1947 3225 2136 3306 βίους
2258 3235 2354 3288 400

571 3320 731 3389 ποτὲ
764 3320 913 3414 μὲν
920 3315 1031 3389 ἐπ’
1066 3307 1243 3408 ἦμαρ
1275 3319 1487 3409 εἶχον,
1519 3318 1640 3390 εἶτ’
1674 3318 1800 3390 οὐκ
1835 3317 2080 3404 εἷχον”
2038 3349 2145 3388 αν.

568 3427 755 3506 φίλοι
783 3421 859 3488 δὲ
888 3419 1135 3510 πατρὸς
1163 3425 1276 3488 καὶ
1306 3425 1480 3503 ξένοι
1511 3420 1578 3491 σ’
1610 3420 1735 3491 οὐκ
1768 3419 2120 3511 ωφέλουν;

574 3511 654 3587 εὖ
682 3528 966 3609 πρᾶσσε·
998 3521 1077 3589 τὰ
1107 3529 1329 3606 φίλων
1362 3521 1427 3590 δ’
1463 3520 1774 3610 οὐδέν,”
1733 3553 1819 3611 ην
1848 3553 1909 3593 τι
1939 3529 2299 3615 δυστυχῇς.

2473 3593 2476 3678 ψ
