2534 3917
282 193 406 255 188

1098 191 1392 250 ΚΤΚΛΩ
1406 193 1477 249 Ψ

283 371 427 431 ΧΟ.
507 367 802 449 σιγῶμεν
832 359 1238 447 ἐγκάψαντες
1265 361 1511 446 αἰθέρα
1537 360 1839 445 γνάθοις.

290 472 434 532 ΟΔ.

511 460 630 550 ἄγε
661 489 794 530 νυν
819 457 1001 540 ὅπως
1028 456 1289 541 ἅψεσθε
1316 466 1438 528 τοῦ
1469 464 1679 528 δαλοῦ
1706 475 1935 549 χεροῖν
2188 477 2287 532 63⁰

516 570 646 632 ἔσω
673 561 1021 650 μολόντες“
1053 560 1380 651 διάπυρος
1408 557 1475 629 δ’
1513 562 1695 631 ἐστὶν
1722 569 1959 643 καλῶς.

285 674 426 734 ΧΟ.
509 664 766 733 οὔκουν
792 661 880 732 σύ
906 663 1119 745 τάξεις
1145 658 1458 741 οὕστινας
1490 661 1795 751 πρώτους
1821 661 2039 753 χρεῶν

287 978 454 1039 ΗΜ.

288 1180 455 1240 ΗΜ.

290 1281 455 1340 ΗΜ.

296 1484 437 1542 ΟΔ.

296 1686 439 1746 ΟΔ.

293 1788 437 1847 ΧΟ.

299 2394 443 2454 ΟΔ.

297 2900 440 2958 ΧΟ.

512 763 765 834 καυτὸν
791 763 1042 852 μοχλὸν
1068 759 1395 850 λαβόντας
1438 764 1705 833 ἐκκάειν
1748 762 1822 833 τὸ
1856 771 2002 852 φῶς

517 865 928 951 Κύκλωπος;
958 862 1048 944 ῶς
1077 860 1161 934 ἂν
1188 871 1305 951 τῆς
1336 864 1537 953 τύχης
1564 863 1972 953 κοινῶμεθα.

525 964 713 1055 ἡμεῖς
740 969 864 1054 μέν
891 971 1092 1053 ἐσμεν
1117 965 1531 1056 μακρότερον
1559 965 1689 1057 πρὸ
1719 973 1855 1036 τῶν
1886 975 2127 1057 θυρῶν
2194 985 2299 1038 635

517 1070 793 1147 ἑστῶτες
821 1063 1033 1137 ῶθεῖν
1061 1072 1127 1147 ἐς
1153 1066 1275 1136 τὸν
1303 1064 1664 1155 ὀφθαλμὸν
1689 1066 1763 1138 τὸ
1792 1075 1950 1158 πῦρ.

523 1166 712 1258 ἡμεῖς
741 1169 817 1238 δὲ
841 1175 1051 1256 χωλοί
1072 1165 1144 1256 γ’,
1173 1166 1417 1256 ἀρτίως
1442 1167 1887 1258 γεγενήμεθα.

524 1269 774 1340 ταύτὸν
802 1267 1175 1341 πεπόνθατ’
1209 1262 1318 1359 ἆρ’
1360 1270 1537 1353 ἐμοί·
1584 1270 1743 1347 τούς
1777 1271 2150 1357 γὰρπόδας

523 1374 799 1450 ἑστῶτες
827 1371 1260 1458 ἐσπάσθημεν
1289 1367 1417 1439 οὐκ
1443 1369 1576 1441 οἷδ’
1610 1374 1676 1454 ἐξ
1704 1368 1885 1441 ὅτου.

521 1475 796 1552 ἑστῶτες
823 1472 1236 1559 ἐσπάσθητε;
1280 1479 1451 1542 ΗΜ.
1481 1475 1595 1542 καὶ
1621 1474 1701 1542 τά
1727 1470 1796 1560 γ’
1832 1470 2092 1559 ὄμματα
2193 1488 2299 1542 640

524 1571 707 1661 μέστ’
741 1576 923 1643 ἐστὶν
949 1571 1141 1662 ἡμῶν
1167 1573 1403 1652 κόνεος
1429 1569 1473 1660 ἢ
1499 1577 1749 1663 τέφρας
1774 1577 2009 1644 ποθέν.

524 1672 768 1764 ἄνδρες
794 1677 1079 1764 πονηροὶ
1105 1670 1356 1744 κούδὲν
1384 1680 1526 1744 οἵδε
1556 1676 1905 1764 σύμμαχοι.

521 1773 667 1864 ὁτιὴ
695 1776 769 1846 τὸ
797 1784 1017 1845 νῶτον
1041 1773 1166 1864 τὴν
1195 1776 1390 1865 ῥάχιν
1416 1774 1483 1845 τ’
1517 1783 1932 1866 οἰκτείρομεν

523 1881 638 1947 καὶ
664 1876 822 1957 τοὺς
849 1875 1130 1958 ὀδόντας
1158 1881 1469 1965 ἐκβαλεῖν
1496 1877 1580 1947 οὐ
1608 1879 1935 1967 βούλομαι

520 1979 962 2068 τυπτόμενος,
1004 1976 1172 2068 αὕτη
1201 1986 1501 2068 γίγνεται
1528 1989 1856 2068 πονηρίας
2194 1993 2298 2049 645

523 2078 671 2149 ἀλλ’
705 2079 834 2151 οἶδ’
869 2080 1140 2173 ἐπῳδὴν
1171 2079 1470 2171 Ὀρφέως
1498 2079 1767 2169 ἀγαθὴν
1792 2081 1995 2166 πάνυ,

523 2179 611 2262 ῶς
638 2181 1016 2270 αὐτόματον
1043 2180 1164 2251 τὸν
1192 2182 1403 2252 δαλὸν
1431 2189 1524 2262 είς
1550 2181 1624 2251 τὸ
1655 2190 1935 2271 κρανίον

521 2281 863 2370 στείχονθ’
896 2280 1234 2371 ὑφάπτειν
1261 2281 1382 2353 τὸν
1409 2291 1691 2371 μονῶπα
1721 2289 1927 2361 παῖδα
1953 2290 2091 2370 γῆς.

529 2383 734 2453 πάλαι
778 2387 916 2470 ’μὲν
943 2384 1075 2470 ᾔδη
1107 2384 1170 2450 σ’
1207 2383 1373 2451 ὄντα
1401 2390 1715 2452 τοιοῦτον
1768 2385 1994 2472 φύσει,

523 2491 658 2553 νῦν
689 2481 755 2555 δ’
790 2482 923 2554 οἶδ’
957 2481 1252 2573 ἄμεινον.
1283 2501 1452 2554 τοῖσι
1481 2482 1547 2554 δ’
1589 2492 1859 2567 οἰκείοις
1888 2491 2109 2573 φίλοις
2196 2502 2299 2555 650

523 2593 826 2675 χρῆσθαί
847 2584 918 2675 μ’
953 2583 1230 2675 ἀνάγκη.
1259 2589 1434 2676 χειρὶ
1463 2584 1532 2656 δ’
1566 2593 1630 2656 εἰ
1652 2587 1864 2676 μηδὲν
1890 2590 2179 2673 σθένεις,

528 2685 675 2757 ἀλλ’
710 2679 839 2758 οὖν
865 2692 1264 2777 ἐπεγκέλευέ
1287 2687 1355 2776 γ’
1375 2741 1394 2776 ,
1429 2684 1517 2770 ῶς
1545 2685 1879 2775 εὐψυχίαν

525 2798 748 2878 φίλων
778 2800 1165 2879 κελευσμοῖς
1193 2806 1364 2859 τοῖσι
1392 2805 1533 2870 σοῖς
1560 2788 1978 2878 κτησώμεθα.

526 2891 750 2980 δράσω
779 2888 951 2960 τάδ’.
983 2896 1058 2960 ἐν
1083 2898 1180 2982 τῷ
1207 2894 1387 2979 Καρὶ
1414 2890 1966 2977 κινδυνεύσομεν.

523 2991 999 3078 κελευσμάτων
1026 2988 1092 3061 δ’
1127 2996 1313 3061 ἕκατι
1343 2995 1665 3080 τυφέσθω
1695 2991 2016 3073 Κύκλωψ.
2200 3007 2303 3061 656

530 3089 608 3160 ἰῶ
640 3091 740 3177 ἰῶ,

526 3189 941 3280 γενναιότατ’
976 3189 1252 3280 ὠθεῖτε,
1283 3196 1627 3265 σπεύδετε.

526 3298 822 3364 ἐκκαίετε
851 3292 976 3381 τὴν
1004 3291 1235 3384 ὀφρὺν

521 3393 736 3484 θηρὸς
762 3402 881 3464 τοῦ
910 3399 1279 3477 ξενοδαίτα.

520 3492 760 3584 τύφετ’
793 3487 879 3583 αἶ,
910 3495 1120 3566 καίετ’
1154 3489 1210 3564 ῶ
