2534 3917
623 142 1084 201 ΙΦΙΓΕΝΕΙΑ
1127 141 1193 198 H
1233 143 1356 200 ΕΝ
1397 141 1776 200 ΤΑΤΡΟΙΣ
2112 140 2197 207 63

415 321 653 401 τίκτει,
682 311 760 382 τὸ
789 320 1212 382 καλλιστεῖον
1241 319 1334 393 εἰς
1363 308 1469 400 ἔμ’
1503 309 1887 403 ἀναφέρων,

410 414 496 505 ἢν
521 416 647 508 χρή
675 440 753 486 σε
785 422 1019 484 θῦσαι.
1049 421 1170 484 καί
1188 411 1260 503 μ’
1304 410 1678 496 Ὀδυσσέως
1703 417 1923 504 τέχναι

409 517 657 609 μητρὸς
687 512 1077 606 παρείλοντ’
1110 518 1220 586 ἐπὶ
1247 515 1483 605 γάμοις
1514 511 1879 604 Ἀχιλλέως.
2125 537 2192 590 25

406 626 710 692 ἐλθοῦσα
738 617 808 689 δ’
839 615 1089 689 Αὐλίδ’
1121 615 1164 708 ἡ
1193 616 1453 690 τάλαιν’
1486 615 1660 709 ὑπὲρ
1693 628 1912 711 πυρᾶς

404 732 733 814 μεταρσία
764 718 1086 811 ληφθεῖσ’
1120 720 1482 810 ἐκαινόμην
1509 725 1692 810 ξίφει
1711 745 1725 760 ·

409 824 559 896 ἀλλ’
594 829 948 909 ἐξέκλεψεν
976 832 1231 912 ἔλαφον
1257 821 1626 894 ἀντιδοῦσά
1650 852 1782 914 μου

384 925 699 1018 ’Ἄρτεμις
728 925 1063 1016 Ἀχαιούς,
1094 925 1209 998 διὰ
1236 927 1313 996 δὲ
1353 925 1660 1018 λαμπρὸν
1690 931 1934 1018 αἰθέρα

409 1029 723 1120 πέμψασά
749 1028 821 1119 μ’
855 1037 949 1111 εἰς
986 1025 1179 1118 τήνδ’
1214 1025 1462 1123 ᾤκισεν
1497 1031 1784 1122 Ταύρων
1813 1031 2052 1121 χθόνα,
2119 1051 2192 1106 30

398 1125 491 1202 οὗ
517 1142 639 1223 γῆς
668 1130 943 1203 ἀνάσσει
972 1131 1374 1222 βαρβάροισι
1401 1132 1742 1222 βάρβαρος

409 1235 619 1324 Θόας,
652 1231 727 1317 ὃς
754 1232 944 1304 ὠκὺν
972 1234 1148 1306 πόδα
1177 1236 1395 1314 τιθεὶς
1424 1244 1574 1304 ἴσον
1604 1251 1870 1325 πτεροῖς

411 1346 504 1420 εἰς
531 1333 810 1426 τοῦνομ’
841 1329 1015 1426 ἦλθε
1042 1336 1198 1409 τόδε
1226 1343 1601 1419 ποδωκείας
1624 1337 1842 1428 χάριν.

408 1457 631 1511 ναοῖσι
661 1438 726 1509 δ’
758 1444 833 1510 ἐν
857 1437 1073 1510 τοῖσδ’
1111 1445 1333 1529 ἱερίαν
1359 1447 1600 1529 τίθησί
1618 1467 1722 1529 με,

412 1541 582 1614 ὅθεν
608 1542 875 1631 νόμοισι
903 1559 1121 1612 τοῖσιν
1147 1539 1380 1630 ἥδεται
1404 1541 1538 1612 θεὰ
2118 1563 2185 1617 35

391 1641 703 1736 ’.Ἄρτεμις
730 1649 993 1735 ἑορτῆς,
1026 1641 1305 1733 τοῦνομ’
1337 1636 1416 1733 ἧς
1442 1642 1652 1715 καλὸν
1676 1645 1910 1734 μόνον,

408 1746 487 1816 τὰ
517 1746 582 1817 δ’
616 1745 783 1818 ἄλλα
813 1789 888 1802 -
921 1755 1124 1836 σιγῶ,
1156 1744 1281 1834 τὴν
1306 1744 1477 1816 θεὸν
1508 1751 1920 1836 φοβουμένη.

411 1851 567 1920 θύω
594 1850 723 1942 γὰρ
754 1848 948 1932 ὄντος
978 1858 1100 1920 τοῦ
1126 1849 1344 1937 νόμον
1373 1851 1486 1919 καὶ
1514 1851 1677 1938 πρὶν
1705 1848 1917 1937 πόλει,

410 1947 483 2034 ὃς
510 1949 595 2022 ἄν
623 1956 919 2044 κατέλθῃ
946 1953 1148 2042 τήνδε
1180 1958 1310 2039 γῆν
1335 1947 1582 2038 Ἕλλην
1610 1945 1802 2040 ἀνήρ.

405 2055 814 2146 κατάρχομαι
838 2059 996 2144 μέν,
1026 2055 1285 2145 σφάγια
1313 2050 1379 2122 δ’
1422 2048 1725 2125 αλλοισιν
1750 2055 1930 2142 μέλει
2116 2076 2188 2125 40

408 2153 645 2247 αρρητ’
679 2165 943 2228 ἔσωθεν
968 2153 1173 2227 τῶνδ’
1210 2153 1604 2246 ἀνακτόρων
1632 2162 1815 2238 θεᾶς.

406 2255 451 2327 ἃ
476 2257 678 2330 καινὰ
706 2258 773 2330 δ’
804 2257 954 2348 ἥκει
981 2258 1104 2343 νὺξ
1136 2263 1441 2350 φέρουσα
1472 2259 1808 2348 φάσματα,

408 2363 571 2444 λέξω
600 2360 767 2453 πρὸς
795 2351 1048 2453 αἰθέρ’,
1079 2372 1147 2432 εἴ
1165 2390 1228 2431 τι
1266 2358 1350 2449 δὴ
1378 2359 1524 2433 τόδ’
1559 2359 1696 2432 ἔστ’
1731 2388 1907 2442 ακος.

407 2461 581 2546 ἔδοξ’
618 2462 766 2534 ἐν”
718 2492 914 2557 υπνςο
943 2461 1134 2554 τῆσδ’
1167 2460 1669 2552 ἀπαλλαχθεῖσα
1697 2472 1818 2552 γῆς

411 2572 623 2636 οἰκεῖν
651 2571 725 2637 ἐν
746 2563 1012 2656 ’Ἀργει,
1043 2573 1438 2655 παρθενῶσι
1467 2562 1532 2634 δ’
1567 2570 1641 2636 ἐν
1671 2569 1897 2654 μέσοις
2114 2582 2184 2636 45

409 2664 681 2758 εὕδειν,
701 2668 952 2758 χθονὸς
980 2675 1057 2739 δὲ
1083 2677 1265 2738 νῶτα
1292 2675 1648 2754 σεισθῆναι
1676 2667 1878 2758 σάλῳ,

300 2853 305 2858 ,
409 2771 693 2859 φεύγειν
722 2773 799 2841 δὲ
824 2769 1001 2855 κᾶξω
1029 2778 1239 2840 στᾶσα
1263 2765 1557 2860 θριγκὸν
1591 2773 1868 2838 εἰσιδεῖν

410 2871 638 2961 δόμων
666 2882 986 2944 πίτνοντα
1003 2927 1021 2963 ,
1052 2881 1188 2942 πᾶν
1216 2868 1284 2944 δ’
1318 2878 1663 2962 ἐρείψιμον
1688 2869 1919 2961 στέγος

405 2979 820 3064 βεβλημένον
845 2976 1012 3068 πρὸς
1038 2967 1245 3057 οὖδας
1273 2978 1339 3059 ἐξ
1367 2969 1596 3063 ἄκρων
1621 2982 1962 3062 σταθμῶν.

407 3077 612 3164 μόνος
638 3075 705 3147 δ’
740 3083 1027 3170 ἐλείφθη
1060 3085 1336 3166 στῦλος,
1369 3073 1458 3157 ὥς
1500 3079 1688 3159 ἔδοξέ
1724 3105 1855 3165 μοι,
2118 3095 2184 3144 50

412 3179 642 3268 δόμων
671 3181 1021 3274 πατρῴων,
1052 3185 1125 3251 ἐκ
1158 3177 1227 3252 δ’
1262 3179 1647 3269 ἐπικράνων
1672 3179 1882 3278 κρμας

408 3280 662 3365 ξανθὰς
680 3291 1040 3372 καθεῖναι,
1072 3285 1348 3371 φθέγμα
1379 3279 1443 3352 δ’
1478 3278 1854 3372 ἀνθρώπου
1883 3287 2139 3367 λαβεῖν,

407 3381 593 3475 κάγώ
621 3391 862 3476 τέχνην
886 3382 1077 3476 τήνδ’
1108 3381 1196 3474 ἣν
1223 3393 1350 3474 ἔχω
1377 3379 1776 3474 ξενοκτόνον

407 3488 641 3576 τιμῶσ’
674 3488 1031 3581 ὑδραίνειν
1060 3485 1269 3559 αὐτὸν
1299 3484 1386 3569 ὡς
1413 3485 1867 3571 θανούμενον,
