2534 3917
686 193 1151 252 ΙΦΙΓΕΝΕΙΑ
1193 194 1264 251 Η
1302 194 1423 253 ΕΝ
1462 194 1777 253 ΑΤΛΙΔΙ
2150 190 2235 253 25

225 368 414 433 ΑΓΛ.
445 360 598 432 ἰδοῦ
627 362 898 450 γέγηθά
924 358 990 431 σ’
1027 359 1116 443 ὥς
1143 359 1387 452 γέγηθ’
1419 358 1637 453 ὁρῶν,
1666 364 1925 433 τέκνον.

225 473 334 533 ΙΦ.
440 462 730 535 κᾶπειτα
756 472 1005 553 λείβεις
1031 462 1279 553 δάκρυ’
1312 461 1431 535 ἀπ’
1465 462 1787 555 ὀμμάτων
1810 466 2055 551 σέθενς
2131 482 2240 537 650

225 573 417 636 ΑΓΛ.
447 564 674 659 μακρὰ
704 565 833 658 γὰρ
862 564 1028 657 ἡμῖν
1056 563 1100 659 ἡ
1133 564 1390 639 ’πιοῦσ’
1424 564 1741 638 ἀπουσία.

227 678 334 739 ΙΦ.
441 664 570 739 οὐκ
598 666 734 738 οἶδ’
781 665 822 739 ὅ
847 698 910 738 τι
939 670 1105 760 φής,
1147 666 1276 741 οὐκ
1306 669 1492 757 οἶδα,
1522 665 1793 759 φίλτατ’
1826 670 1973 759 ἐμοὶ
2002 668 2235 763 πάτερ.

224 778 416 840 ΑΓΛ.
446 769 698 842 συνετὰ
725 774 1015 859 λέγουσα
1041 778 1299 861 μᾶλλον
1327 779 1421 854 είς
1450 771 1679 843 οἶκτόν
1704 768 1777 862 μ’
1810 767 2013 861 ἄγεις.

223 882 332 942 ΙΦ.
442 870 738 945 ἀσύνετα
766 883 901 943 νῦν
929 877 1250 965 ἐροῦμεν,
1284 881 1349 945 εί
1370 877 1451 945 σέ
1475 871 1544 964 γ’
1580 871 1925 967 εὐφρανῶ.

221 983 417 1046 ΑΓΛ.
447 991 683 1046 παπαῖ.
717 972 791 1045 τό
817 984 1016 1065 σιγᾶν
1043 974 1128 1047 ού
1154 980 1384 1048 σθένω
1405 999 1420 1015 ·
1450 978 1526 1048 σὲ
1555 974 1624 1048 δ’
1656 974 1885 1069 ᾔνεσα.
2132 994 2241 1051 655

221 1086 331 1147 ΙΦ.
439 1075 618 1167 μέν’,
649 1069 706 1149 ὦ
733 1078 941 1170 πάτερ
959 1132 976 1167 ,
1008 1076 1158 1149 κατ’
1190 1079 1384 1149 οἶκον
1410 1082 1520 1149 ἐπὶ
1546 1083 1805 1161 τέκνοις
1832 1084 2059 1151 σέθεν.

219 1187 416 1249 ΑΓΛ.
446 1185 632 1251 θέλω
659 1210 737 1271 γε
755 1202 771 1217 ·
803 1178 877 1251 τὸ
907 1185 1141 1252 θέλειν
1170 1178 1239 1252 δ’
1273 1179 1401 1252 οὐκ
1429 1188 1601 1269 ἔχων
1630 1179 2027 1271 ἀλγύνομαι.

219 1290 333 1351 ΙΦ.
444 1280 715 1354 ὄλοιντο
743 1282 976 1372 λόγχαι
1004 1286 1118 1353 καὶ
1146 1281 1228 1355 τὰ
1257 1287 1587 1354 Μενέλεω
1616 1284 1811 1355 κακά.

219 1391 415 1454 ΑΓΛ.
449 1382 696 1468 ἄλλους
723 1380 872 1455 ὀλεῖ
893 1384 1149 1477 πρόσθ’
1181 1382 1307 1475 ἁμὲ
1336 1383 1712 1457 διολέσαντ’
1746 1394 1900 1474 ἔχει.

216 1494 332 1555 ΙΦ.
441 1484 534 1567 ὥς
561 1486 780 1558 πολὺν
810 1486 1087 1576 ἀπῆσθα
1110 1488 1363 1579 χρόνον
1390 1494 1467 1561 έν
1493 1485 1795 1572 Αὐλίδος
1820 1504 2075 1577 μυχοῖς.
2130 1506 2235 1561 660

217 1595 417 1657 ΑΓΛ.
447 1592 563 1669 καὶ
591 1598 724 1660 νῦν
749 1593 832 1678 γέ
853 1587 927 1679 μ’
960 1600 1128 1678 ἴσχει
1157 1590 1244 1682 δή
1272 1619 1336 1662 τι
1362 1588 1453 1682 μὴ
1480 1595 1781 1663 στέλλειν
1807 1590 2115 1681 στρατόν.

213 1698 330 1758 ΙΦ.
443 1698 578 1762 ποῦ
605 1691 762 1774 τούς
789 1691 1066 1784 Φρύγας
1092 1698 1407 1782 λέγουσιν
1435 1688 1759 1787 ᾠκίσθαι,
1788 1693 2033 1783 πάτερ;

213 1799 418 1861 ΑΓΛ.
450 1783 538 1863 οὗ
563 1791 810 1883 μήποτ’
844 1802 1059 1865 οἰκεῖν
1087 1792 1302 1885 ὤφελ’
1339 1792 1375 1867 ὁ
1406 1795 1723 1886 Πριάμου
1748 1796 1987 1887 Πάρις.

225 1902 330 1962 ῙΦ-
442 1898 706 1990 μακράν
734 1894 802 1988 γ’
841 1893 1177 1990 ἀπαίρεις,
1210 1889 1268 1968 ὦ
1298 1897 1541 1988 πάτερ,
1572 1895 1795 1967 λιπών
1824 1899 1943 1985 ἐμέ
1954 1927 1972 1979 3

214 2009 417 2071 ΑΓΛ.
451 2008 546 2084 είς
572 1997 844 2090 ταύτόν,
878 1992 935 2071 αἶ
960 2000 1288 2091 θύγατερ,
1326 2000 1513 2086 ἥκεις
1539 2006 1636 2090 σῷ
1663 2008 1882 2087 πατρί.
2132 2016 2239 2071 665

215 2112 335 2174 ΙΦ.
449 2111 586 2192 φεῦ
604 2128 619 2142 ·

451 2202 591 2276 εἴθ’
624 2197 712 2294 ἦν
739 2207 951 2278 καλόν
977 2235 1092 2296 μοι
1122 2212 1237 2276 σοι’
1257 2202 1320 2275 τ’
1358 2202 1553 2293 ἄγειν
1582 2203 1941 2293 σύμπλουν
1969 2206 2087 2293 ἐμέ
2090 2256 2099 2265 -

215 2316 418 2377 ΑΓΛ.
451 2316 675 2378 ἔπεστι
702 2310 816 2379 καὶ
843 2310 950 2379 σοὶ
977 2317 1219 2395 πλοῦς,
1251 2314 1365 2378 ἵνα
1392 2308 1630 2398 μνήσει
1656 2306 1923 2397 πατρός.

212 2418 331 2480 ΙΦ.
443 2408 578 2481 σὺν
603 2413 802 2502 μητρὶ
833 2408 1160 2483 πλεύσασ’
1196 2404 1241 2498 ἢ
1269 2410 1445 2499 μόνη
1475 2409 1919 2501 πορεύσομαι;

213 2520 421 2581 ΑΓΛ.
450 2512 660 2602 μόνη,
692 2509 1063 2600 μονωθεῖσ’
1097 2509 1227 2583 ἀπὸ
1257 2508 1505 2603 πατρὸς
1536 2516 1649 2584 καὶ
1676 2514 1978 2599 μητέρος.

213 2622 333 2683 ΙΦ.
447 2610 532 2685 οὗ
561 2614 695 2684 πού
721 2611 795 2703 μ’
830 2619 897 2697 ἐς
925 2613 1092 2685 ἄλλα
1119 2613 1374 2702 δώματ’
1406 2622 1707 2701 οἰκίζεις,
1739 2612 1983 2701 adv-sm
2131 2628 2240 2683 670

209 2724 421 2785 ΛΓΛ.
458 2725 676 2787 ἔασον.
707 2714 794 2787 οὐ
819 2716 945 2807 χρὴ
973 2714 1190 2788 τοιοίδ’
1226 2719 1480 2785 εἰδέναι
1510 2716 1735 2806 κόρας.

211 2827 334 2890 Io.
447 2817 689 2890 σπεῦδ’
722 2823 796 2889 ἐκ
824 2827 1122 2910 Φρυγῶν
1150 2847 1263 2907 μοι
1282 2870 1300 2903 ,
1331 2819 1616 2906 θέμενος
1648 2807 1728 2889 εὖ
1766 2810 1974 2902 τάκεῖ,
2004 2815 2239 2908 πάτερ.

209 2928 422 2991 ΑΓΛ.
456 2928 677 2992 θῦσαί
697 2949 780 3011 με
809 2929 1068 2992 θυσίαν
1096 2930 1327 3011 πρῶτα
1357 2925 1468 2990 δεῖ
1490 2917 1622 2991 τιν’
1658 2918 1928 2991 ἐνθάδε.

209 3032 338 3093 ΙΦ.
448 3020 620 3094 ἀλλὰ
651 3022 778 3108 ξῦν
808 3029 1012 3114 ἱεροῖς
1037 3021 1162 3115 χρὴ
1191 3022 1269 3094 τό
1294 3019 1363 3111 γ’
1399 3018 1671 3111 εὐσεβὲς
1699 3035 1998 3094 σκοπεῖν.

209 3133 423 3196 ΛΓΑ.
458 3137 622 3197 εἴσει
649 3127 738 3197 σύ
755 3150 770 3165 ·
801 3135 1136 3218 χερνίβων
1162 3124 1291 3216 γὰρ
1322 3125 1573 3216 ἑστήξει
1600 3129 1823 3207 πέλας.
2131 3137 2239 3193 676

211 3235 338 3297 ΙΦ.
449 3228 780 3317 στήσομεν
808 3226 920 3319 ἄρ’
954 3225 1128 3318 ἀμφὶ
1156 3227 1423 3318 βωμόν,
1456 3219 1513 3297 ὦ
1539 3228 1782 3319 πάτερ,
1809 3224 2092 3314 χορούςς

213 3338 427 3400 ΛΓΑ.
457 3338 628 3419 ζηλῶ
656 3333 730 3401 σὲ
757 3338 1012 3420 μᾶλλον
1037 3327 1083 3421 ἦ
1100 3327 1208 3420 ’μὲ
1232 3336 1355 3400 τοῦ
1381 3332 1593 3420 μηδὲν
1626 3343 1929 3420 φρονεῖν.

454 3431 656 3522 χώρει
684 3436 760 3504 δὲ
787 3431 1151 3524 μελάθρων
1180 3431 1367 3513 ἐντὸς
1396 3430 1703 3521 ὀφθῆναι
1734 3430 1987 3521 κόραις,

453 3532 699 3626 πικρὸν
729 3544 986 3625 φίλημα
1016 3542 1227 3605 δοῦσα
1257 3534 1483 3617 δεξιάν
1512 3530 1573 3601 τ’
1607 3537 1773 3620 ἐμοί,
