2534 3917
643 161 1091 220 ΙΦΙΓΕΝΕΙΑ
1128 160 1197 216 H
1228 161 1345 216 EN
1395 159 1751 217 ΤΑΤΡΟΙΣ
2106 153 2184 220 97

410 331 447 403 ὃ
479 330 726 420 Φοῖβός
752 326 827 398 θ’
860 325 896 397 ὃ
927 327 1161 416 μάντις
1190 334 1362 414 ἔχων

411 437 696 504 κέλαδον
725 430 1095 501 ἑπτατόνου
1122 427 1333 518 λύρας

414 533 667 605 άείδων
694 530 833 616 ἄξει
864 530 1156 619 λιπαρὰν
2059 548 2192 602 1130

418 628 498 708 εὖ
525 635 591 707 σ’
618 633 1004 723 Ἀθηναίων
1030 634 1139 702 ἐπὶ
1166 639 1316 722 γᾶν.

414 739 526 827 ἐμὲ
554 735 620 808 δ’
654 734 869 806 αὐτοῦ
895 740 1269 823 προλιποῦ-

417 862 501 910 σα
527 839 717 928 βήσει
747 843 1008 920 ῥοθίοις
1039 845 1346 917 πλάταις·

418 939 562 1028 ἀέρι
590 937 659 1010 δ’
692 945 870 1010 ἱστία
896 937 1215 1024 πρότονοι
1245 937 1414 1008 κατὰ

416 1051 693 1136 πρῷραν
720 1039 891 1130 ὑπὲρ
918 1041 1161 1111 στόλον
1187 1040 1626 1111 ἐκπετάσουσι
1654 1040 1856 1121 πόδες
2066 1057 2193 1111 1135

419 1143 578 1225 ναὸς
607 1141 1041 1232 ὠκυπόμπου.

419 1245 723 1335 λαμπρὸν
753 1245 1175 1333 ἱππόδρομον
1200 1252 1426 1333 βαίην,
1917 1242 2060 1314 ἀντ.

420 1345 569 1418 ἔνθ’
603 1345 874 1418 εὐάλιον
902 1355 1159 1435 ἔρχεται
1186 1354 1327 1435 πῦρ
1345 1370 1360 1385 ·

422 1456 691 1520 οἰκείων
718 1447 784 1520 δ’
818 1446 989 1536 ὑπὲρ
1019 1448 1348 1536 θαλάμων
2065 1465 2196 1520 1140

420 1555 749 1640 πτέρυγας
778 1557 852 1622 ἐν
878 1550 1116 1632 νώτοις
1146 1548 1338 1639 ἀμοῖς

420 1653 683 1744 λήξαιμι
712 1655 1082 1737 θοάζουσα·

422 1755 660 1843 χοροὺς
687 1752 753 1824 δ’
788 1762 1082 1844 ι”σταιήν,
1114 1751 1235 1826 ὅθι
1262 1758 1377 1825 καὶ

423 1858 706 1945 πάροχος
736 1855 1117 1944 εὐδοκίμων
1144 1859 1400 1947 γάμων,

419 1958 596 2043 παρὰ
625 1956 781 2029 πόδ’
814 1965 1199 2030 εἱλίσσουσα
1227 1968 1428 2047 φίλας
2061 1977 2194 2028 1145

418 2060 663 2149 ματρὸς
691 2058 945 2149 ἡλίκων
974 2061 1282 2147 θιάσους,

419 2165 483 2242 ἐς
509 2159 787 2250 ἁμίλλας
811 2171 1125 2250 χαρίτων,

415 2271 645 2351 χλιδᾶς
684 2261 1172 2352 ἇβροπλούτοιο

418 2373 509 2444 εἰς
532 2371 677 2449 ἔριν
700 2366 1073 2451 ὀρνυμένα,
1113 2374 1558 2436 πολυποίκιλα
1583 2368 1801 2454 φάρεα

416 2469 525 2536 καὶ
554 2469 937 2555 πλοκάμους
963 2472 1496 2559 περιβαλλομένα
1523 2471 1801 2558 γένυσιν
2061 2485 2196 2536 1150

416 2576 446 2612 *
472 2575 505 2614 *
544 2573 865 2654 ἐσκίαζον.

180 2680 328 2742 ΘΟ.
412 2678 543 2742 ποῦ
577 2668 719 2740 ’σθ’
754 2669 793 2759 ἡ
824 2671 1134 2759 πυλωρὸς
1160 2678 1378 2742 τῶνδε
1407 2671 1735 2760 δωμάτων
1762 2669 1936 2759 γυνὴ

408 2769 741 2861 Ἑλληνίςς
772 2770 901 2862 ἤδη
931 2783 1067 2843 τῶν
1095 2777 1301 2858 ξένων
1336 2774 1721 2860 κατήρξατο,

415 2872 686 2955 ἀδύτοις
718 2872 780 2944 τ’
812 2881 888 2944 ἐν
917 2871 1146 2964 ἁγνοῖς
1175 2884 1366 2964 σῶμα
1394 2882 1755 2946 δάπτονται
1785 2881 1958 2962 πυρί
1965 2905 1986 2957 3
2065 2891 2192 2952 1155

173 2987 324 3048 ΧΟ.
408 2973 522 3064 ἥδ’
554 2981 771 3064 ἐστίν,
803 2973 847 3065 ἥ
873 2999 980 3047 σοι
1008 2975 1235 3063 πάντ’,
1263 2976 1463 3065 ἅναξ,
1493 2981 1637 3064 ἐρεῖ
1658 2985 1909 3068 σαφῶς.

175 3089 325 3150 ΘΟ.
411 3087 487 3148 ἔα
505 3102 518 3115 ·

411 3188 483 3250 τί
504 3180 659 3250 τόδε
689 3187 1024 3272 μεταίρεις
1052 3185 1116 3265 ἐξ
1146 3180 1485 3271 ἀκινήτων
1512 3183 1818 3272 βάθρων,

405 3280 896 3372 Ἀγαμέμνονος
923 3301 1077 3368 παῖ,
1107 3292 1278 3364 θεᾶς
1306 3282 1550 3373 ἄγαλμ’
1585 3289 1658 3354 ἐν
1689 3281 2004 3366 ὠλέναιςς

173 3393 301 3454 mi.
410 3380 573 3468 ἅναξ
592 3437 612 3470 ,
645 3382 740 3472 ἔχ’
772 3380 986 3456 αὐτοῦ
1018 3387 1193 3457 πόδα
1221 3386 1346 3456 σὸν
1375 3395 1448 3457 ἐν
1475 3387 1909 3476 παραστάσιν.

170 3495 322 3556 ΘΟ.
403 3495 476 3555 τί
498 3483 565 3556 δ’
598 3495 815 3573 ἔστιν,
836 3483 1224 3577 Ἰφιγένεια,
1254 3488 1494 3558 καινὸν
1522 3494 1595 3558 ἐν
1623 3489 1885 3644 δόμριςς
2063 3503 2196 3556 1160

344 3605 528 3646 Evam.
576 3607 699 3647 vot..
745 3591 806 3645 ΙΙ.
