2534 3917
606 214 1066 271 ΙΦΙΓΕΝΕΙΑ
1108 215 1175 270 Η
1212 215 1334 271 ΕΝ
1381 215 1746 273 ΤΑΥΡΟΙὶ,
2079 213 2162 280 6⁷

392 379 664 467 νυκτός,
695 387 811 459 τᾶς
840 375 1070 466 ἐξῆλθ’
1102 376 1346 467 ὄρφνα.

395 479 644 569 ὀλόμαν
670 478 927 568 ὀλόμαν
945 503 960 518 ·

391 580 513 653 οὐκ
544 579 671 652 εῐσ’
703 581 874 651 οἶκοι
904 589 1229 674 πατρῷοι·

391 693 567 773 οἴμοι
595 689 898 773 φροῦδος
924 687 1149 772 γέννα.

394 794 524 874 φεῦ
553 790 690 874 φεῦ
718 792 854 854 τῶν
871 782 1103 874 ’Ἀργει
1130 786 1428 874 μόχθων.
2069 805 2165 858 156

394 887 471 956 ίω
504 886 583 958 ίῶ
614 893 908 975 δαίμων,
939 882 1012 965 ὃς
1039 885 1159 956 τὸν

396 989 652 1076 μοῦνόν
676 1016 759 1077 με
786 994 1191 1077 κασίγνητον
1218 997 1429 1082 συλᾷς

376 1088 570 1182 ’Ἅιδᾳ
600 1093 893 1179 πέμψας,
925 1081 980 1183 ᾧ
1009 1089 1208 1161 τάσδε
1237 1091 1393 1178 χοὰς

391 1196 606 1281 μέλλω
636 1193 931 1281 κρατῆρά
962 1219 1035 1261 τε
1061 1191 1179 1261 τὸν
1206 1195 1564 1280 φθιμένων
2069 1209 2167 1266 160

392 1291 743 1385 ὑδραίνειν
770 1301 965 1382 γαίας
992 1298 1068 1363 ἐν
1092 1292 1350 1380 νώτοις,

393 1397 604 1484 πηγάς
633 1394 693 1464 τ’
728 1394 1020 1486 οὐρείων
1048 1399 1123 1464 ἐκ
1148 1396 1404 1484 μόσχωι

390 1498 655 1586 Βάκχου
681 1495 742 1566 τ’
779 1496 1052 1589 οἰνηρὰς
1081 1497 1312 1586 λοιβὰς

393 1603 652 1681 ξουθᾶν
677 1627 751 1669 τε
779 1599 1045 1688 πόνημα
1070 1607 1414 1688 μελισσᾶν,
2070 1617 2166 1670 165

394 1697 435 1770 ἃ
461 1717 725 1792 νεκροῖς
751 1701 1117 1789 θελκτήρια
1152 1717 1380 1787 χεῖται.

396 1801 540 1872 ἀλλ’
575 1808 769 1882 ἔνδος
797 1831 909 1890 μοι
938 1801 1327 1893 πάγχρυσον

393 1912 621 1992 τεῦχος
650 1905 761 1974 καὶ
790 1903 1026 1993 λοιβὰν
1048 1901 1264 1972 Ἅιδα.

400 1999 453 2075 ὦ
478 2003 646 2076 κατὰ
673 2011 867 2094 γαίας
902 2003 1428 2093 Ἀγαμεμνόνιον
2069 2021 2166 2076 170

390 2109 630 2194 θάλος,
662 2105 752 2189 ὥς
778 2110 1092 2199 φθιμένῳ
1118 2106 1277 2176 τάδε
1303 2127 1410 2176 σοι
1439 2109 1673 2194 πέμπω
1691 2128 1706 2141 ·

393 2213 573 2292 δέξαι
601 2207 667 2277 δ’
689 2232 704 2247 ·
746 2205 829 2278 οὐ
856 2207 984 2298 γὰρ
1014 2207 1180 2298 πρὸς
1206 2207 1466 2296 τύμβον
1491 2230 1598 2278 σοι

387 2309 649 2393 ξανθὰν
674 2319 944 2398 χαίταν,
978 2306 1060 2379 οὐ
1088 2306 1333 2401 δάκρυ’
1371 2321 1554 2380 οἴσω.

393 2413 631 2500 τηλόσε
658 2410 786 2502 γὰρ
816 2411 901 2498 δὴ
934 2419 1054 2491 σᾶς
1082 2409 1481 2502 ἀπενάσθην
2064 2426 2162 2482 175

389 2520 711 2603 πατρίδος
737 2516 851 2582 καὶ
880 2517 1072 2600 ἐμᾶς,
1104 2519 1276 2582 ἔνθα
1303 2514 1627 2604 δοκήμασι,

392 2631 615 2703 κεῖμαι
646 2611 1005 2703 σφαχθεῖσ’
1037 2610 1080 2683 ἆ
1107 2613 1392 2703 τλάμων.

168 2724 299 2786 ΧΟ.
393 2713 848 2805 ἀντιψάλμους
876 2713 1053 2808 ᾠδὰς
1078 2713 1298 2804 ὕμνον
1325 2714 1386 2784 τ’

383 2815 693 2907 Ἀσιήταν
718 2839 825 2888 σοι
853 2817 1199 2908 βάρβαρον
1228 2815 1400 2904 άχάν
2068 2834 2164 2887 180

394 2926 719 3011 δεσποίνᾳ
747 2917 813 3007 γ’
846 2920 1211 3006 ἐξαυδάσω,

396 3021 522 3090 τὰν
550 3026 624 3091 ἐν
650 3020 1010 3118 θρήνοισιν
1036 3028 1319 3110 μοῦσαν,

397 3127 678 3193 νέκυσιν
701 3127 959 3212 μελε-’ων
985 3121 1109 3192 τὰν
1135 3126 1210 3192 ἐν
1234 3132 1520 3212 μολπαῖς

378 3222 609 3304 1Ἅιδας
636 3222 840 3313 ὑμνεῖ
862 3231 1016 3311 δίχα
1042 3225 1368 3294 παιάνων.
2065 3237 2165 3292 185

396 3335 608 3415 οἶμοι,
638 3333 774 3396 τῶν
806 3324 1150 3417 Ἀτρειδᾶν
1177 3337 1387 3395 οἴκων

393 3435 573 3518 ἔρρει
602 3436 745 3517 φῶς
772 3428 1160 3518 σκήπτρων,
1191 3439 1389 3516 οἴμοι,

391 3535 425 3574 *
452 3534 485 3574 *
524 3529 852 3623 πατρῴων
878 3539 1105 3600 οἴκων.

1749 3622 1786 3680 ιτ.

1806 3628 1833 3656 ⁴!
