2534 3917
247 177 374 242 186
1066 175 1361 234 ΚΤΚΛΩ.
1375 177 1444 233 Ψ

243 356 431 418 ΣΕΙ.
482 351 604 429 θές
631 374 765 418 νυν
791 345 911 416 τὸν
938 340 1189 433 ἀγκῶν’
1226 335 1808 440 εὖρύθμως,’κᾷτ’
1843 351 2051 433 ἔκπιε,

217 503 228 514 .
482 446 706 539 ὥσπερ
735 446 805 538 μ’
841 444 1005 538 ὁρᾷς
1031 454 1316 516 πίνοντα
1343 443 1608 538 χῶσπερ
1636 444 1883 516 οὐκέτι.

247 559 390 622 ΚΤ.
474 542 516 621 ἆ
543 542 622 639 ἆ,
649 558 721 621 τί
742 550 1044 637 δράσεις;
1073 555 1253 617 ΣΕΙ.
1285 545 1496 636 ἡδέως
1529 547 1880 637 ἠμύστισα.

246 662 389 722 ΚΤ.
477 653 652 744 λάβ’,
679 645 730 721 ὦ
756 648 906 738 ξέν’,
940 646 1143 732 αὐτὸς
1171 650 1470 737 οἰνοχόος
1496 654 1571 720 τέ
1595 679 1707 739 μοι
1736 657 1962 738 γενοῦ.

245 763 396 825 ΟΔ.
475 753 916 843 γιγνώσκεται
944 759 1114 841 γοῦν
1144 749 1440 837 ἄμπελος
1461 750 1639 840 τήμῇ
1660 761 1819 841 χερί.

245 865 390 928 ΚΤ.
476 853 630 946 φέρ’
665 855 898 943 ἔγχεόν
925 883 1076 924 νυν.
1113 863 1256 924 ΟΛ.
1289 856 1525 941 ἐγχέω,
1555 862 1713 943 σίγα
1739 855 1967 943 μόνον.

248 967 316 1028 Κ
319 969 390 1027 Τ
470 956 763 1046 χαλεπὸν
789 953 935 1026 τόδ’
971 952 1263 1044 εἶπας,”
1223 979 1403 1036 οστις
1430 951 1516 1025 ἆν
1553 963 1673 1046 πίῃ
1704 963 1945 1028 πολύν.

247 1068 395 1129 ΟΔ.
479 1058 630 1130 ἰδοὺ
661 1057 888 1147 λαβων
917 1063 1149 1128 ἔκπιθι
1175 1060 1289 1127 καὶ
1315 1059 1527 1147 μηδὲν
1554 1067 1769 1148 λίπῃς.

475 1173 930 1232 συνεκθανεῖν
957 1160 1035 1230 δὲ
1061 1168 1333 1230 σπῶντα
1359 1159 1483 1250 χρὴ
1511 1167 1604 1253 τῷ
1634 1160 1911 1248 πώματι.

245 1273 389 1335 KY.
473 1280 724 1352 παπαῖ,
751 1261 971 1352 σοφόν
996 1290 1075 1352 γε
1104 1261 1179 1332 τὸ
1213 1262 1416 1345 ξύλον
1444 1270 1585 1349 τῆς
1596 1259 1916 1350 ἀμπέλου.

251 1376 395 1436 ΟΔ.
473 1394 604 1436 καν
631 1367 756 1454 μὲν
782 1364 1036 1454 σπάσῃς
1065 1391 1142 1453 γε
1171 1366 1350 1432 δαιτὶ
1377 1363 1544 1452 πρὸς
1571 1371 1784 1452 πολλῇ
1812 1364 2049 1451 πολύν,

475 1469 704 1554 τέγξας
731 1463 978 1548 ἄδιψον
1003 1465 1254 1554 νηδύν,
1288 1473 1382 1546 εἰς
1409 1463 1630 1535 ὕπνον
1661 1474 1888 1554 βαλεῖς
1904 1494 1917 1507 ·

479 1563 566 1656 ἢν
593 1565 665 1637 δ’
699 1571 974 1657 ἐκλίπῃς
1001 1594 1100 1655 τι,
1131 1571 1409 1656 ξηρανεϊ
1432 1565 1495 1636 σ’
1531 1564 1567 1637 5
1595 1567 1897 1655 Βάκχιος.

244 1677 387 1740 KY.
471 1668 579 1739 ἰοὺ
609 1669 742 1757 ἰού,

479 1768 568 1852 ὥς
597 1773 909 1854 ἐξένευσα
935 1770 1159 1860 μόγις·
1191 1767 1473 1860 ἄκρατος
1501 1767 1542 1860 ἡ
1571 1770 1783 1860 χάρις·

477 1871 513 1944 5
543 1871 608 1943 δ’
644 1871 933 1965 οὐρανός
958 1901 1072 1961 μοι
1101 1875 1634 1961 συμμεμιγμένος
1664 1879 1854 1942 δοκεῖ

474 1983 556 2066 τῇ
584 1983 670 2065 γῇ
699 1979 1065 2066 φέρεσθαι,
1094 1982 1216 2044 τοῦ
1241 1975 1410 2054 Διός
1438 2001 1509 2043 τε
1536 1973 1655 2044 τὸν
1683 1975 1940 2065 θρόνον

477 2079 740 2148 λεύσσω
773 2075 848 2146 τὸ
877 2084 1013 2146 πᾶν
1050 2104 1122 2145 τε
1152 2077 1496 2163 δαιμόνων
1524 2073 1736 2165 ἁγνὸν
1763 2079 1980 2164 σέβας.

478 2176 606 2249 οὐκ
635 2175 721 2248 ἄν
750 2173 1100 2266 φιλήσαιμ’
1128 2199 1142 2214 ·
1175 2183 1251 2246 αἱ
1273 2179 1557 2268 Χάριτες
1583 2185 1873 2268 πειρῶσί
1892 2203 1994 2265 με.

479 2277 625 2360 ἅλις
650 2279 1063 2368 Γανυμήδην
1089 2276 1278 2348 τόνδ’
1313 2287 1484 2367 ἔχων
1511 2277 1980 2367 άναπαύσομαι

477 2383 796 2452 κάλλιστα
821 2380 908 2470 νὴ
938 2379 1054 2460 τὰς
1082 2381 1392 2471 Χάριτας.
1424 2377 1666 2470 ἥδομαι
1696 2385 1776 2451 δέ
1799 2407 1938 2462 πως

477 2499 615 2564 τοῖς
643 2487 1014 2552 παιδικοτσι
1043 2489 1299 2571 μᾶλλον
1324 2479 1369 2571 ἢ
1396 2499 1533 2565 τοῖς
1559 2485 1864 2572 θήλεσιν.

0 2585 6 2590 ’
131 2617 136 2622 ·
240 2594 426 2658 ΣΕΙ.
476 2583 608 2672 ἐγώ
637 2583 764 2675 γὰρ
794 2582 831 2655 5
857 2584 1027 2665 Διός
1058 2592 1191 2673 εἰμι
1219 2586 1656 2675 Γανυμήδης,
1687 2584 2020 2668 Κύκλωψῖ

2156 1077 2265 1132 570

2152 1582 2256 1637 575

2152 2091 2257 2144 580

2152 2601 2254 2656 585

247 2698 388 2758 ΚΤ.
473 2690 589 2758 ναὶ
615 2686 706 2776 μὰ
731 2685 876 2777 Δί’,
909 2685 991 2758 ὃν
1018 2684 1285 2778 ἁρπάζω
1313 2685 1381 2775 γ’
1417 2686 1547 2776 ἐγὼ
1581 2685 1646 2757 ’κ
1676 2694 1790 2774 τῆς
1816 2686 2202 2776 Δαρδάνου.

245 2799 428 2860 ΣΕΙ.
483 2787 829 2878 ἀπόλωλα,
861 2795 1126 2870 παῖδες·
1158 2794 1422 2878 σχέτλια
1450 2796 1763 2879 πείσομαι
1802 2788 1991 2856 κακά.

242 2900 388 2961 XO.
473 2894 718 2979 μέμφει
746 2891 866 2961 τὸν
892 2889 1178 2980 ἐραστὴν
1203 2889 1597 2984 κάντρυφᾷς
1625 2889 2010 2974 πεπωκότα;

245 3001 424 3063 ΣΕΙ.
478 3002 689 3088 οἴμοι·
719 2992 1121 3082 πικρότατον
1149 2991 1340 3062 οἶνον
1367 2990 1618 3082 ὄψομαι
1644 2995 1827 3082 τάχα.

249 3103 392 3162 ΟΔ.
474 3119 596 3179 αγε
622 3093 739 3180 δή,
769 3093 1120 3162 Διονύσου
1148 3101 1414 3181 παῖδες,
1448 3092 1691 3185 εὐγενῆ
1721 3098 1940 3181 τέκνα,

475 3199 677 3263 ἔνδον
701 3194 826 3282 μὲν
853 3190 1056 3283 ἁνήρ·
1088 3201 1180 3286 τῷ
1211 3191 1278 3262 δ’
1313 3193 1507 3288 ὕπνῳ
1539 3200 1937 3287 παρειμένος

472 3292 619 3382 τάχ’
652 3299 717 3377 ἐξ
747 3293 1068 3376 άναιδοῦς
1097 3297 1401 3386 φάρυγος
1430 3295 1685 3387 ὤθήσει
1712 3302 1901 3389 κρέα,

475 3395 677 3476 δαλὸς
707 3394 774 3466 δ’
807 3406 1068 3468 ἔσωθεν
1096 3395 1355 3467 αὐλίων
1382 3397 1557 3470 ὠθεῖ
1578 3398 1857 3471 καπνόν.

2149 3108 2254 3162 590
