2534 3917
316 197 441 264 378

2047 5 2467 205 Π

1084 199 1514 258 ΤΡΩΙΑΔΕΣ

550 373 625 440 ἐν
650 370 773 457 μὲν
803 368 931 458 γὰρ
943 366 1177 458 ’Ἀργει
1204 363 1389 456 μίκρ’
1423 363 1647 454 ἔχουσ’
1681 363 2124 458 ἀνεστρέφου,

547 472 865 561 Σπάρτης
894 467 959 540 δ’
994 467 1495 556 ἀπαλλαχθεῖσα
1522 466 1646 557 τὴν
1678 476 1974 558 Φρυγῶν
2003 472 2204 542 πόλιν

546 579 772 666 χρυσῷ
804 576 1093 661 ῥέουσαν
1124 569 1406 660 ἤλπισας
1434 571 1878 640 κατακλύσειν
2061 611 2068 618 ·
2227 591 2328 648 995

551 676 987 745 δαπάναισιν·
1021 670 1176 743 οὐδ’
1215 665 1302 761 ἦν
1333 673 1530 742 ἱκανά
1555 695 1661 741 σοι
1691 671 1772 742 τὰ
1798 669 2122 744 Μενέλεω

545 781 851 867 μέλαθρα
891 792 1033 857 ταῖς
1066 791 1212 858 σαῖς
1241 779 1756 866 ἐγκαθυβρίζειν
1784 793 2086 866 τρυφαῖς.

555 880 724 967 εἷεν,
754 886 873 972 βίᾳ
905 877 1034 969 γὰρ
1068 883 1277 950 παῖδα
1306 879 1439 967 φής
1465 875 1530 947 σ’
1564 905 1756 964 αγειν
1783 879 1974 968 ἐμόν·

546 990 645 1063 τίς
672 987 1118 1070 Σπαρτιατῶν
1146 977 1408 1071 ᾔσθετ’,
1439 976 1483 1067 ἢ
1513 987 1715 1049 ποίαν
1741 979 1911 1069 βοὴν

550 1081 994 1170 ἀνωλόλυξας,
1026 1083 1369 1173 Κάστορος
1397 1089 1674 1152 νεανίου
2191 1105 2332 1156 1000

545 1194 666 1257 τοῦ
695 1185 990 1274 συζύγου
1016 1183 1078 1254 τ’
1120 1182 1213 1254 ἔτ’
1253 1182 1446 1265 ὄντος
1473 1181 1556 1252 ού
1585 1181 1734 1253 κατ’
1769 1181 1980 1274 ἄστρα
2005 1211 2149 1271 πως

546 1290 690 1359 ἐπεὶ
718 1289 794 1358 δὲ
837 1296 1085 1380 Τροίαν
1115 1277 1321 1374 ἦλθες
1355 1284 1650 1375 Ἀργεῖοί
1672 1289 1748 1355 τέ
1767 1309 1894 1356 σου

549 1387 697 1460 κατ’
732 1401 943 1478 ἴχνος,
972 1381 1058 1477 ἦν
1087 1390 1161 1458 δὲ
1190 1387 1544 1479 δοριπετὴς
1572 1384 1849 1477 ἀγωνία,

550 1499 612 1562 εἰ
638 1493 763 1580 μὲν
790 1490 872 1560 τὰ
898 1496 1099 1560 τοῦδε
1126 1488 1470 1580 κρείσσον’
1512 1487 1902 1578 ἀγγέλλοιτό
1929 1514 2055 1579 σοι,

545 1596 907 1663 Μενέλαον
933 1590 1150 1683 ᾔνεις,
1181 1608 1335 1674 παῖς
1366 1590 1548 1674 ὅπως
1577 1590 1840 1662 λυποῖτ’
1875 1592 2028 1682 ε’μὸς
2197 1615 2335 1667 1005

544 1702 715 1784 ἔχων
744 1702 986 1822 ἔρωτος
1014 1692 1518 1784 ἀνταγωνιστὴν
1545 1698 1790 1783 μέγαν·

548 1806 612 1868 εἰ
635 1794 701 1868 δ’
737 1795 1084 1888 εὐτυχοῖεν
1119 1806 1374 1921 Τρῶες,
1406 1795 1612 1866 οὐδὲν
1637 1787 1726 1885 ἦν
1752 1793 1890 1866 οδε.

546 1907 639 1981 εἰς
666 1900 790 1988 τὴν
816 1901 1026 1989 τύχην
1053 1898 1119 1970 δ’
1156 1885 1379 1991 ὃρωσα
1406 1895 1590 1969 τοῦτ’
1624 1896 1848 1987 ἤσκεις
1877 1926 2057 1981 οπως

546 1999 717 2073 ἕποι’
756 1999 873 2092 αμ’
904 2001 1109 2093 αὐτῇ,
1138 2000 1381 2106 τᾶρετῇ
1410 1999 1475 2072 δ’
1510 1997 1636 2071 οὐκ
1663 1998 1926 2089 ἤθελες.

543 2102 823 2175 κάπειτα
851 2101 1161 2186 πλεκταῖς
1188 2111 1376 2193 σῶμα
1405 2103 1530 2174 σὸν
1556 2106 1865 2174 κλέπτειν
1893 2107 2107 2194 λέγεις
2199 2123 2336 2176 1010

547 2208 829 2298 πύργων
857 2205 1152 2277 καθιεῖσ’
1190 2204 1279 2288 ὥς
1307 2203 1582 2296 μένουσ’
1618 2202 1985 2289 ακουσίως;

543 2316 676 2379 ποῦ
707 2306 855 2397 δῆτ’
889 2309 1190 2396 ἐλήφθης
1217 2303 1261 2395 ἦ
1288 2308 1575 2400 βρόχους
1603 2305 1953 2397 αρτωμένη

542 2404 585 2497 ἢ
614 2409 965 2497 φάσγανον
990 2407 1308 2498 θῆγουσ’,
1340 2439 1384 2479 α
1411 2418 1689 2499 γενναιά
1714 2409 1888 2500 γυνὴ

544 2505 915 2601 δράσειεν’
884 2538 969 2578 αν
1001 2518 1314 2582 ποθοῦσα
1341 2511 1462 2582 τὸν
1491 2513 1700 2602 πάρος
1727 2513 1961 2583 πόσιν·
1945 2566 1962 2596 ,

542 2619 756 2683 καίτοι
784 2643 825 2702 γ
838 2610 1303 2684 ’ἐνουθέτουν
1331 2637 1406 2685 σε
1433 2613 1647 2684 πολλα
1673 2615 2022 2696 πολλάκις·
2198 2633 2330 2686 1015

546 2705 600 2784 αἶ
627 2715 927 2806 θύγατερ
958 2714 1203 2805 ἔξελθ’,
1235 2723 1310 2787 oc
1330 2715 1397 2787 δ’
1431 2719 1574 2804 ἐμοὶ
1602 2722 1837 2798 παῖδες
1864 2717 2119 2807 γάμους

542 2815 789 2899 ἄλλους
817 2826 1139 2908 γαμοῦσι,
1172 2819 1247 2890 σὲ
1275 2815 1342 2889 δ’
1376 2821 1483 2889 ἐπὶ
1511 2825 1680 2900 ναῦς
1715 2816 2020 2907 Ἀχαϊκὰς

548 2924 785 3007 πέμψω
816 2925 1347 3009 συνεκκλέψασα,
1378 2923 1492 2991 καὶ
1521 2929 1784 2992 παῦσον
1812 2921 2021 3011 μάχης

523 3018 848 3109 Ἕλληνας
875 3019 1045 3111 ἡμᾶς
1072 3021 1158 3092 τ’.
1189 3020 1359 3092 ἀλλὰ
1385 3026 1493 3092 σοὶ
1523 3021 1669 3093 τόδ’
1701 3015 1789 3112 ἦν
1816 3024 2082 3115 πικρόν.

540 3129 615 3194 ἐν
642 3140 777 3204 τοῖς
798 3122 1240 3214 Ἀλεξάνδρου
1267 3124 1396 3214 γὰρ
1425 3123 1688 3217 ὕβριζες
1717 3125 1946 3213 δόμοις
2193 3142 2329 3196 1020

538 3227 652 3296 καὶ
680 3238 1213 3317 προσκυνεῖσθαι
1240 3228 1606 3319 βαρβάρων
1635 3225 1754 3298 ὕπ’
1786 3226 2045 3318 ἤθελες·
2217 3261 2222 3266 ·

539 3329 795 3417 μεγάλα
823 3329 951 3419 γὰρ
983 3321 1071 3418 ἦν
1097 3351 1215 3400 σοι.
1265 3326 1429 3399 κάπὶ
1455 3335 1678 3400 τοῖσδε
1706 3329 1830 3401 σὸν
1857 3333 2060 3419 δέμας

546 3433 823 3515 ἐξῆλθες
849 3428 1193 3518 ἀσκήσασα
1220 3427 1560 3519 κᾶβλεψας
1589 3432 1779 3502 πόσει

543 3527 663 3598 τὸν
690 3526 901 3600 αὐτὸν
928 3528 1179 3619 αἰθέρ’,
1214 3522 1271 3598 ὦ
1298 3533 1759 3603 κατάπτυστον
1784 3538 1988 3622 κάρα·

2507 1833 2510 1932 >

2503 2159 2506 2244 l

2501 2291 2504 2400 ᾗ

2499 2435 2502 2556 1
