2534 3917
2039 3 2479 172 q...

346 167 473 232 428
1090 167 1556 228 ΦΟΙΝΙΣΣΑΙ

580 335 844 426 ἄπειμι,
872 334 1145 427 χαίρεθ’
1168 359 1185 376 ·
1216 331 1316 418 εἷς
1339 337 1470 426 γὰρ
1499 331 1598 406 ῶν
1628 345 1902 409 πολλῶν
1925 340 2098 428 μέτα

582 439 656 510 τὸ
682 442 960 530 μέλλον,
993 447 1058 510 εί
1081 439 1208 530 χρή
1218 491 1239 527 ,
1266 446 1614 527 πείσομαι·
1643 447 1718 509 τί
1738 439 1867 532 γὰρ
1896 442 2138 526 πάθεος
2271 459 2366 515 895

354 553 485 614 KP.
578 546 841 632 ἐπίσχες
866 539 1102 628 αὐτοῦ,
1132 544 1415 632 πρέσβυ.
1461 550 1630 612 ΤΕΙ.
1659 541 1752 631 μὴ
1781 541 2259 633 ’πιλαμβάνου.

354 655 485 716 ΚΡ.
573 661 832 735 μεῖνον,
847 652 919 714 τί
938 644 1251 733 φεύγειςς
1293 651 1462 714 ΤΕΙ.
1491 641 1535 733 ἡ
1561 644 1727 734 τύχη
1755 642 1850 733 σ’,
1881 643 2019 716 ἀλλ’
2053 643 2186 717 οὐκ
2221 649 2370 737 ἐγώ.

358 757 486 818 ΚΡ.
577 748 845 839 φράσον
868 754 1172 828 πολίταις
1196 749 1312 816 καὶ
1339 746 1532 817 πόλει
1555 755 1916 837 σωτηρίαν.

360 859 527 919 ΤΕΙ.
577 850 812 939 βούλει
838 847 926 919 σύ
954 851 1182 937 μέντοι
1206 845 1406 936 κούχὶ
1431 849 1750 938 βουλήσει
1775 851 1957 938 τάχα.
2485 773 2497 1012 ἡ

357 960 485 1022 KP.
576 954 690 1021 καὶ
720 958 863 1032 πῶς
896 951 1216 1043 πατρῴαν
1239 965 1444 1039 γαῖαν
1468 948 1556 1021 ού
1595 959 1808 1022 σῶσαι
1837 955 2060 1036 θέλω;
2271 970 2376 1024 900

361 1062 529 1124 ΤΕΙ.
581 1057 809 1134 θέλεις
842 1050 1128 1124 άκοῦσαι
1154 1059 1324 1140 δῆτα
1351 1055 1466 1122 καὶ
1493 1052 1803 1143 σπουδὴν
1835 1061 2041 1142 ἔχεις;

353 1164 489 1226 ΚΡ.
580 1163 675 1238 είς
699 1154 830 1246 γὰρ
857 1163 930 1224 τί
949 1162 1206 1243 μᾶλλον
1243 1161 1356 1225 δεῖ
1377 1163 1775 1245 προθυμίαν
1803 1163 2017 1244 ἔχειν;

362 1266 530 1328 ΤΕΙ.
580 1258 809 1339 κλύοις
836 1253 923 1327 ἂν
947 1254 1079 1347 ἤδη
1108 1264 1247 1328 τῶν
1273 1260 1454 1346 ἐμῶν
1478 1258 1978 1346 θεσπισμάτων.

585 1367 855 1452 πρῶτον
882 1357 948 1429 δ’
981 1363 1200 1430 έκεῖνο
1226 1359 1559 1449 βούλομαι
1583 1363 1818 1448 σαφῶς
1843 1371 2117 1448 μαθεῖν,

584 1468 721 1532 ποῦ
747 1460 920 1531 ’στιν
947 1461 1362 1548 Μενοικεύς,
1393 1458 1468 1542 ὅς
1491 1489 1576 1550 με
1602 1459 1795 1550 δεῦρ’
1829 1463 2203 1552 έπήγαγεν;
2273 1479 2373 1534 905

355 1571 490 1633 ΚΡ.
580 1559 689 1632 ὅδ’
730 1559 817 1632 ού
841 1560 1109 1651 μακρὰν
1134 1560 1404 1650 ἄπεστι,
1434 1572 1720 1653 πλησίον
1751 1567 1834 1633 δέ
1867 1588 2012 1634 σου.

364 1673 533 1735 ΤΕΙ.
586 1662 936 1736 ἀπελθέτω
964 1693 1099 1736 νυν
1122 1665 1495 1756 θεσφάτων
1523 1670 1704 1755 ἐμῶν
1731 1667 1902 1748 ἑκάς.

356 1776 490 1838 ΚΡ.
584 1767 739 1857 ἐμὸς
766 1767 1087 1858 πεφυκώς
1114 1783 1268 1850 παῖς
1297 1764 1342 1838 ἃ
1373 1774 1480 1838 δεῖ
1509 1767 1869 1857 σιγήσεται.

366 1878 533 1942 ΤΕΙ.
586 1871 822 1960 βούλει
847 1871 1177 1962 παρόντος
1204 1871 1373 1960 δῆτά
1399 1893 1508 1940 σοι
1533 1871 1782 1941 τούτου
1809 1870 2084 1962 φράσω;

358 1980 492 2042 ΚΡ.
581 1973 813 2044 κλύων
837 1972 967 2065 γὰρ
996 1970 1085 2044 άν
1109 1977 1418 2065 τέρποιτο
1445 1979 1564 2063 τῆς
1587 1980 1937 2063 σωτηρίας.
2277 1989 2376 2044 910
2494 2027 2495 2036 ,

365 2075 531 2138 ΤΕΙ.
586 2067 794 2138 ἄκουε
816 2069 903 2155 δή
932 2095 1066 2136 νυν
1090 2069 1456 2156 θεσφάτων
1481 2071 1660 2155 ἐμῶν
1691 2067 1860 2138 ὁδόν
1876 2095 1896 2111 ·

589 2169 834 2252 σφάξαι
860 2172 1171 2252 Μενοικῆ
1224 2168 1427 2236 τόνδε
1456 2172 1564 2236 δεῖ
1579 2165 1644 2235 α’
1668 2164 1839 2250 ὑπὲρ
1868 2165 2122 2251 πάτρας

586 2265 716 2334 σόν
737 2262 947 2349 παῖδ’,
990 2265 1221 2352 ἐπειδὴ
1245 2267 1371 2351 τὴν
1393 2267 1605 2352 τύχην
1627 2263 1831 2346 αὐτὸς
1853 2272 2094 2342 καλεῖς.

358 2367 488 2427 ΚΡ.
578 2367 646 2427 τί
664 2362 830 2445 φής;
876 2360 1008 2426 τίν’
1038 2359 1222 2441 εἶπας
1239 2361 1441 2432 τόνδε
1462 2371 1726 2450 μῦθον,
1777 2353 1833 2430 ῶ
1854 2365 2086 2448 γέρονς
2251 2371 2352 2427 915

364 2463 529 2522 ΤΕΙ.
576 2455 747 2539 ἅπερ
775 2458 1068 2544 πέφηνε,
1115 2465 1323 2528 ταῦτα
1351 2457 1651 2546 κάνάγκη
1674 2479 1748 2527 σε
1769 2463 1960 2546 δρᾶν.

356 2561 489 2622 ΚΡ.
581 2547 637 2620 ῶ
660 2551 873 2622 πολλὰ
898 2559 1085 2637 λέξας
1108 2559 1183 2624 ἐν
1208 2565 1446 2643 βραχεῖ
1483 2561 1661 2642 λόγῳ
1705 2556 1895 2625 κακά.

362 2659 531 2722 ΤΕΙ.
580 2661 691 2720 σοί
708 2651 789 2739 γ’,
814 2650 983 2723 α’λλὰ
1012 2659 1280 2744 πατρίδι
1301 2656 1555 2741 μεγάλα
1578 2657 1688 2724 καὶ
1709 2654 2023 2741 σωτήρια.

353 2758 487 2819 ΚΡ.
576 2748 703 2819 ούκ
732 2755 1010 2839 ἔκλυον,
1054 2749 1180 2820 οὐκ
1204 2749 1466 2839 ἤκουσα
1485 2782 1500 2795 ·
1527 2756 1804 2841 χαιρέτω
1833 2753 2046 2830 πόλις.

363 2856 539 2917 ΤΕΙ.
587 2850 761 2938 ἀνὴρ
785 2849 895 2919 ὅδ’
924 2849 1165 2922 οὐκέθ’
1194 2851 1432 2939 αὑτός,
1474 2855 1729 2922 ἐκνεύει
1757 2852 1978 2920 πάλιν.
2251 2862 2349 2917 9ἳο
2482 2877 2483 2890 ἢ

354 2953 487 3014 ΚΡ.
574 2953 825 3032 χαίρων
854 2947 958 3016 ἴθ’
976 2977 994 2991 ·
1044 2948 1127 3018 ού
1150 2951 1280 3038 γὰρ
1306 2958 1446 3018 σῶν
1468 2977 1552 3038 με
1581 2956 1688 3019 δεῖ
1705 2947 2215 3035 μαντευμάτων.

360 3051 531 3114 ΤΕΙ.
580 3044 934 3114 ἀπόλωλεν
957 3044 1243 3133 ἁλήθει’,
1278 3051 1416 3114 ἐπεὶ
1440 3048 1528 3116 σῦ
1560 3053 1937 3131 δυστυχεῖς;

352 3149 485 3210 ΚΡ.
574 3133 631 3208 ω’
651 3141 819 3228 πρός
840 3164 917 3210 σε
937 3143 1245 3236 γονάτων
1268 3145 1378 3210 καὶ
1401 3153 1768 3232 γερασμίου
1791 3145 2044 3228 τριχός,

359 3245 527 3307 ΤΕΙ.
573 3247 641 3307 τί
659 3247 1087 3326 προσπίτνεις
1108 3267 1221 3327 {te-3
1267 3240 1688 3326 δυσφύλακτ’
1721 3250 1895 3332 αἴνει
1920 3238 2110 3306 κακά.

352 3341 485 3403 ΚΡ.
576 3343 728 3419 σίγα
745 3366 762 3381 ·
794 3338 987 3407 πόλει
1012 3341 1085 3407 δὲ
1107 3339 1353 3408 τούσδε
1373 3337 1464 3424 μὴ
1491 3343 1679 3428 λέξῃς
1699 3339 1963 3424 λόγους.
2251 3348 2347 3404 925
2473 3365 2475 3378 ¹

572 3478 611 3536 ἃ
644 3483 890 3552 δρῶντες
918 3479 991 3538 ἂν
1024 3485 1264 3554 μάλιστα
1302 3481 1580 3553 σώσαιμεν
1612 3482 1781 3538 πόλιν
1818 3483 2136 3552 Καδμείων.
2251 3485 2346 3538 912
