2534 3917
638 155 1098 216 ΙΦΙΓΕΝΕῙΑ
1141 156 1211 213 Η
1247 158 1371 215 ΕΝ
1410 157 1722 217 ΑΤΛΙΔΙ
2144 154 2187 215 9

411 318 512 391 ὅτ’
545 324 655 392 ἐπὶ
686 329 1072 414 κρηναίαισι
1102 322 1369 414 δρόσοις

389 418 562 517 Ἥρᾳ
586 426 898 495 Παλλάδι
924 420 988 494 τ’
1020 431 1165 515 ἔριν
1194 434 1341 515 ἔριν

410 535 676 616 μορφᾶς
706 522 748 595 ἆ
776 525 1042 617 Κύπρις
1071 534 1285 617 ἔσχεν.

412 628 810 698 πολύθυτον
838 628 914 699 δὲ
943 626 1036 698 δι’
1069 626 1269 711 ἄλσος
1302 625 1457 722 Ἀρ-
1896 626 2039 701 άντ.
2102 646 2197 701 185

409 734 676 817 τέμιδος
703 726 968 821 ἤλυθον
995 728 1307 821 ὀρομένα,

414 840 860 920 φοινίσσουσα
878 831 1128 923 παρῇδ’
1163 832 1331 922 ἐμὰν

411 934 700 1026 αἰσχύνᾳ
726 942 1064 1023 νεοθαλεῖ,

411 1032 693 1116 ἀσπίδος
721 1044 933 1126 ἔρυμα
962 1039 1077 1106 καὶ
1113 1045 1373 1119 κλισίας

414 1133 847 1231 ὁπλοφόρους
875 1148 1176 1209 Δαναῶν
1205 1136 1477 1210 θέλουό
2093 1155 2195 1210 190

414 1244 640 1308 ἵππων
667 1238 730 1309 τ’
761 1236 963 1328 ὄχλον
993 1245 1280 1312 ἰδέσθαι.

413 1346 725 1411 κατεῖδον
752 1343 828 1412 δὲ
847 1342 960 1412 δύ’
993 1354 1244 1415 Αἴαντε
1273 1344 1581 1436 συνέδρω

408 1440 526 1511 τὸν
559 1447 811 1526 Οἰλέως
850 1444 1242 1534 Τελαμῶνός
1269 1473 1343 1516 τε
1368 1444 1597 1534 γόνον,

413 1544 534 1612 τὸν
572 1553 953 1633 Σαλαμῖνος
992 1551 1359 1643 στέφανον,

407 1648 885 1737 Πρωτεσίλαόν
911 1646 972 1718 τ’
1008 1652 1115 1719 ἐπὶ
1141 1648 1383 1729 θάκοις
2094 1662 2195 1719 195

409 1756 677 1826 πεσσῶν
703 1746 1077 1839 ἡδομένους
1105 1780 1276 1842 μορ-

410 1868 604 1940 φαῖσι
629 1852 1101 1942 πολυπλόκοις,

406 1953 820 2043 Παλαμήδεά
848 1952 951 2043 θ’,
995 1951 1077 2025 ὃν
1105 1958 1254 2025 τέκε
1284 1968 1439 2034 παῖς
1466 1950 1501 2023 ὁ
1532 1961 1781 2023 Ποσει·

407 2062 646 2145 δᾶνος,
678 2056 1026 2146 Διομήδεά
1056 2055 1136 2127 θ’
1168 2054 1337 2147 ἡδο-

405 2174 554 2238 ναῖς
585 2166 825 2229 δίσκου
851 2164 1329 2251 κεχαρημένον,
2092 2176 2193 2228 200

407 2259 588 2352 παρὰ
618 2261 694 2331 δὲ
723 2262 1113 2353 Μηριόνην,
1135 2260 1373 2352 ’Ἀρεος

405 2360 592 2448 ὄζον,
629 2370 862 2453 θαῦμα
889 2373 1212 2454 βροτοῖσι,

403 2464 526 2535 τὸν
553 2461 684 2535 άπὸ
716 2474 1019 2553 νησαίων
1050 2464 1110 2536 τ’
1143 2463 1361 2557 ὀρέων

402 2570 668 2657 Λαέρτα
696 2567 932 2657 τόκον,
964 2564 1098 2657 ἅμα
1127 2570 1204 2639 δὲ
1233 2577 1367 2637 Νι-
1416 2647 1419 2650 ,

407 2678 523 2760 ρῆ,
593 2668 948 2740 κάλλιστον
980 2667 1262 2759 Ἀχαιῶν
1280 2693 1294 2707 ·
2092 2684 2190 2736 205

405 2771 526 2841 τὸν
555 2770 874 2861 ἰσάνεμόν
901 2800 972 2843 τε
999 2780 1240 2843 ποδοῖν

405 2874 955 2966 λαιψηροδρόμον
990 2872 1278 2965 Ἀχιλῆα,

404 2974 526 3047 τὸν
553 2974 596 3045 ἁ
624 2980 814 3059 Θέτις
843 2978 992 3047 τέκε
1018 2980 1134 3047 καὶ

407 3085 672 3169 Χείρων
699 3078 1118 3168 έξεπόνασεν,

405 3179 592 3250 εἶδον
619 3188 979 3269 αἰγιαλοῖσι
2089 3196 2191 3247 ‘210

405 3281 586 3373 παρά
625 3310 696 3353 τε
735 3283 1092 3374 κροκάλαις
1119 3284 1377 3374 δρόμον
1406 3291 1639 3371 ἔχοντα
1666 3280 1796 3352 σὺν
1825 3278 2055 3361 ὅπλοις
2073 3304 2087 3318 ·

406 3382 693 3466 ἅμιλλαν
721 3383 789 3455 δ’
823 3384 1051 3457 ἐπόνει
1077 3392 1319 3457 ποδοῖν

405 3492 576 3577 πρὸς
607 3484 783 3574 ἅρμα
811 3490 1146 3576 τέτρωρον
