2534 3917
206 660 308 720 ΟΡ.

201 763 317 822 ΠΤ.
352 817 359 824 .

183 2086 297 2148 ΟΡ.

600 175 1053 234 ῙΦΙΓΕΝΕΙΑ
1096 175 1168 232 Η
1202 177 1324 233 EN
1369 178 1729 236 ΤΑΤΡΟΙΣ
2099 177 2180 242 83

393 343 635 433 πλὴν”
594 366 703 413 εν·
735 341 818 412 τὰ
847 341 975 430 γάρ
999 369 1103 412 τοι
1130 347 1466 431 βασιλέων
1492 345 1854 434 παθήματα
2077 363 2181 420 670

394 459 572 516 ἴσασι
602 446 885 531 πάντες,
914 473 1013 514 ων
1040 445 1412 534 ἐπιστροφή
1441 475 1540 527 τις
1569 438 1678 534 ἦν.

395 547 557 638 ἀτὰρ
589 554 882 636 διῆλθον
909 574 1194 637 χατερον
1222 547 1430 635 λόγον
1457 549 1631 618 τινά.

395 648 524 722 τίν’
544 681 565 734 3
602 657 698 730 εἰς
723 649 799 718 τὸ
828 647 1065 719 κοινὸν
1092 646 1328 730 δούς”
1285 677 1564 738 αμεινον
1591 679 1678 720 αν
1703 650 1966 738 μάθοις.

392 751 669 842 αἰσχρὸν
698 751 1031 832 θανόντος
1060 758 1185 822 σοῦ
1211 754 1489 840 βλέπειν
1516 748 1685 840 ἡμᾶς
1714 753 1906 843 φάος,

397 861 590 944 κοινῇ
616 881 691 923 τε
721 858 1040 942 πλεύσας,
1077 859 1189 923 δεῖ
1211 880 1292 942 με
1322 856 1437 924 καὶ
1464 862 1660 945 κοινῇ
1689 865 1954 926 θανεῖν.
2072 873 2174 928 675

392 959 502 1026 καὶ
529 961 791 1025 δειλίαν
818 954 947 1044 γὰρ
976 957 1089 1024 καὶ
1118 952 1336 1044 κάκην
1361 955 1766 1046 κεκτήσομαι

376 1056 605 1148 ’Ἀργει
632 1085 703 1127 τε
728 1060 1029 1132 ,Φωκέων
1057 1053 1118 1126 τ’
1153 1061 1227 1127 ἐν
1260 1058 1664 1150 πολυπτύχῳ
1691 1069 1915 1148 χθονί,

394 1161 562 1245 δόξω
592 1160 669 1229 δὲ
696 1174 835 1240 τοῖς
860 1167 1189 1245 πολλοῖσι,
1221 1162 1459 1229 πολλοὶ
1487 1159 1616 1250 γὰρ
1647 1169 1865 1248 κακοί,

393 1261 688 1354 προδούς
719 1285 823 1350 σε,
857 1265 1103 1344 σωθεὶς
1126 1260 1191 1331 δ’
1220 1262 1426 1342 αὐτὸς
1450 1268 1542 1342 εἰς
1567 1269 1798 1342 οἴκους
1822 1267 2025 1349 μόνος

392 1362 435 1454 ἦ
460 1368 576 1436 καὶ
604 1364 944 1454 φονεύσας
972 1367 1083 1435 ἐπὶ
1110 1371 1392 1434 νοσοῦσι
1423 1363 1682 1452 δώμασι
2068 1381 2176 1438 680

390 1467 597 1554 ῥάψαι
622 1465 837 1557 μόρον
866 1489 973 1537 σοι
1001 1474 1121 1554 σῆς
1145 1473 1550 1556 τυραννίδος
1577 1467 1797 1558 χάριν,

390 1576 722 1656 ἔγκληρον
772 1566 863 1649 ὥς
890 1566 973 1657 δὴ
1001 1567 1131 1657 σὴν
1160 1570 1572 1658 κασιγνήτην
1600 1576 1858 1659 γαμῶν.

391 1668 581 1741 ταῦτ’
615 1663 744 1742 οὖν
786 1678 1128 1760 φοβοῦμαι
1158 1673 1272 1741 καὶ
1301 1668 1394 1740 δι’
1429 1672 1749 1760 αἰσχύνης
1779 1679 1927 1760 ἔχω,

390 1771 557 1843 κούκ
588 1769 741 1843 ἔσθ’
776 1768 957 1853 ὅπως
986 1770 1070 1842 ού
1098 1773 1224 1862 χρῆ
1253 1780 1763 1843 συνεκπνεῦσαί
1784 1777 1869 1862 μέ
1893 1798 2001 1844 σοι

392 1878 505 1945 καὶ
533 1871 967 1965 συσφαγῆναι
996 1877 1109 1945 καὶ
1138 1882 1547 1963 πυρωθῆναι
1576 1879 1800 1963 δέμας,
2071 1893 2172 1948 685

393 1985 598 2067 φίλον
628 1983 888 2066 γεγῶτα
916 1978 1029 2046 καὶ
1057 1975 1494 2065 φοβούμενον
1519 1977 1758 2064 ψόγου.

394 2077 667 2169 εῦφημα
697 2079 913 2169 φώνει
937 2100 953 2118 ·
982 2076 1159 2168 τάμά
1189 2084 1301 2148 δεῖ
1323 2081 1560 2169 φέρειν
1579 2082 1770 2178 ἐμέ-

388 2179 601 2263 ἆπλᾶς
630 2181 707 2252 δὲ
735 2181 949 2262 λύπας
977 2182 1163 2268 ἐξόν,
1191 2178 1318 2251 οὐκ
1347 2192 1510 2252 οἴσω
1542 2187 1800 2261 διπλᾶς.

390 2282 428 2354 ὃ
458 2283 586 2376 γὰρ
616 2282 704 2354 σύ
734 2291 998 2374 λυπρὸν
1024 2280 1537 2354 κάπονείδιστον
1564 2287 1802 2372 λέγεις,

387 2383 577 2456 ταῦτ’
612 2392 794 2456 ἔστιν
820 2382 1015 2476 ἡμῖν,
1048 2396 1117 2456 εἴ
1147 2408 1223 2455 σε
1250 2383 1756 2475 συμμοχθοῦντ’
1791 2388 1938 2474 ἐμοὶ
2068 2403 2171 2458 690

388 2496 601 2558 κτενῶ
620 2510 634 2525 ·
665 2487 740 2558 τὸ
769 2489 894 2577 μὲν
921 2486 1050 2578 γὰρ
1082 2493 1176 2568 εἰς
1204 2485 1310 2576 ἔμ’
1345 2486 1430 2558 οὐ
1457 2496 1678 2568 κακῶς
1706 2495 1867 2576 ἔχει,

386 2587 770 2676 πράσσονθ’
806 2585 849 2659 ἃ
886 2589 1164 2680 πράσσω
1194 2589 1362 2681 πρὸς
1389 2598 1610 2677 θεῶν,
1642 2598 1864 2658 λιπεῖν
1891 2597 2064 2678 βίον.

388 2691 475 2761 σύ
506 2690 573 2762 δ’
607 2689 835 2781 ὄλβιός
860 2688 921 2760 τ’
958 2692 1019 2762 εἷ
1044 2691 1316 2781 καθαρά
1342 2688 1404 2761 τ’
1437 2689 1520 2761 ού
1549 2688 1865 2760 νοσοῦντ’
1915 2699 2081 2778 ἔχεις

390 2791 702 2885 μέλαθρ’,
733 2792 863 2883 ἐγω
893 2795 970 2864 δὲ
998 2800 1295 2883 δυσσεβῆ
1325 2795 1439 2864 καὶ
1466 2799 1784 2880 δυστυχῆ.

392 2899 640 2977 σωθεὶς
668 2897 745 2966 δὲ
772 2902 1015 2978 παῖδας
1042 2900 1106 2980 ἐξ
1137 2900 1296 2984 ἐμῆς
1325 2893 1711 2985 ὁμοσπόρου
2068 2911 2171 2968 695

388 2999 820 3087 κτησάμενος,
850 2995 937 3088 ἣν
965 2998 1185 3069 ἔδωκά
1213 3020 1321 3068 σοι
1351 2995 1632 3086 δάμαρτ’
1666 3005 1864 3086 ἔχειν,

390 3098 608 3190 ὄνομά
635 3098 698 3170 τ’
732 3105 897 3188 ἐμοῦ
925 3097 1176 3189 γένοιτ’
1221 3097 1341 3188 ἄν,
1375 3097 1526 3171 οὐδ’
1561 3097 1760 3180 ἅπαις
1789 3099 1992 3189 δόμος

388 3211 694 3296 πατρῷος
724 3200 931 3291 οὑμὸς
962 3207 1392 3292 ἐξαλειφθείη
1422 3200 1574 3272 ποτ’
1613 3200 1718 3272 ἄν.

390 3301 537 3375 ἀλλ’
574 3309 736 3395 ἕρπε
764 3309 877 3374 καὶ
905 3312 980 3394 ζῆ
1008 3308 1122 3374 καὶ
1150 3305 1398 3393 δόμους
1427 3315 1598 3375 οἴκει
1627 3308 1896 3394 πατρός.

392 3403 555 3496 ὅταν
581 3405 648 3478 δ’
684 3412 751 3489 ἐς
770 3404 1031 3478 Ἑλλάδ’
1065 3407 1301 3478 ἵππιόν
1327 3403 1392 3476 τ’
1417 3403 1665 3498 Ἀργος
1693 3405 1920 3494 μόλῃς,
2069 3417 2171 3474 700

391 3511 558 3600 πρὸς
587 3515 806 3594 δεξιᾶς
834 3533 909 3582 σε
936 3507 1127 3598 τῆσδ’
1163 3509 1543 3597 ἐπισκήπτω
1567 3507 1755 3576 τάδε·
