2534 3917
261 150 384 232 232

1098 152 1454 210 ΜΗΔΕΙΑ

495 318 732 409 χροιὰν
760 318 888 408 γὰρ
920 313 1254 400 ἀλλάξασα
1284 325 1512 408 λεχρία
1540 316 1742 387 πάλιν

495 437 702 511 χωρεῖ
724 424 1058 510 τρέμουσα
1085 426 1269 488 κῶλα
1294 421 1407 488 καὶ
1435 419 1624 506 μόλις
1651 420 1906 508 φθάνει

495 524 850 613 θρόνοισιν
885 527 1262 610 ἐμπεσοῦσα
1290 520 1379 610 μὴ
1407 524 1610 609 χαμαὶ
1638 539 1887 593 πεσεῖν.
2147 543 2289 599 1170

491 634 611 695 καί
629 654 727 706 τις
753 623 990 713 γεραιὰ
1020 623 1423 715 προσπόλων
1450 623 1696 706 δόξασά
1734 652 1870 694 που

493 724 537 815 ἢ
561 727 789 808 Πανὸς
819 721 1086 816 όργάςῆ
1114 725 1297 806 τινὸς
1325 732 1513 795 θεῶν
1541 734 1774 814 μολεῖν

496 827 908 915 ἀνωλόλυξε,
942 836 1105 918 πρίν
1131 825 1198 917 γ’
1233 825 1362 920 ὁρᾷ
1392 825 1505 897 διὰ
1532 828 1741 917 στόμα

493 941 841 1022 χωροῦντα
869 929 1116 1000 λευκὸν
1144 928 1401 1019 ἀφρόν,
1432 926 1745 1018 ὀμμάτων
1775 927 1843 998 τ’
1878 928 2007 1001 ἀπὸ

497 1034 697 1123 κόρας
730 1035 1185 1124 στρέφουσαν,
1214 1029 1378 1120 αἷμά
1404 1029 1464 1100 τ’
1498 1031 1624 1102 οὐκ
1652 1032 1809 1103 ἐνὸν
1840 1041 2019 1122 χροΐ·
2145 1053 2280 1108 1175

495 1133 614 1206 εἶτ’
648 1133 1062 1224 ἀντίμολπον
1087 1127 1253 1223 ἧκεν
1283 1133 1611 1223 ὀλολυγῆς
1638 1139 1849 1223 μέγαν

493 1238 822 1307 κωκυτόν.
857 1235 1072 1318 εὐθὺς
1100 1236 1165 1306 δ’
1197 1235 1238 1327 ἣ
1266 1239 1393 1325 μὲν
1422 1244 1515 1318 εἰς
1544 1237 1791 1328 πατρὸς
1820 1239 2072 1327 δόμους

495 1339 825 1430 ὥρμησεν,
855 1339 897 1427 ἣ
928 1341 1003 1409 δὲ
1035 1339 1202 1429 πρὸς
1229 1339 1349 1408 τὸν
1376 1337 1618 1430 ἀρτίως
1647 1339 1864 1428 πόσιν,

493 1443 846 1533 φράσουσα
873 1441 1144 1529 νύμφης
1171 1441 1523 1531 συμφοράς
1540 1464 1555 1478 ·
1590 1438 1812 1511 ἅπασα
1842 1443 1918 1512 δὲ

495 1547 692 1632 στέγη
721 1558 1082 1612 πυκνοῖσιν
1108 1543 1381 1611 ἐκτύπει
1410 1544 1847 1631 δρομήμασιν.
2143 1563 2275 1618 1180

469 1643 621 1733 ’ἤδη
656 1643 719 1715 δ’
756 1641 840 1713 ἂν
869 1649 1087 1714 ἕλκων
1113 1651 1338 1713 κῶλον
1363 1647 1744 1735 ἕκπλέθρου
1775 1647 2033 1735 δρόμου

493 1747 694 1835 ταχὺς
723 1744 1041 1836 βαδιστὴς
1068 1748 1413 1838 τερμόνων
1442 1742 1851 1837 ἀνθήπτετο·

489 1849 532 1939 ἢ
562 1847 627 1918 δ’
662 1852 726 1932 ἐξ
755 1847 1064 1919 άναύδου
1092 1854 1206 1919 καὶ
1231 1847 1885 1948 μύσαντοςξὶμματος

493 1957 534 2021 δ
539 1951 724 2022 εινὸν
752 1951 1096 2035 στενάξασ’
1132 1951 1174 2041 ἡ
1204 1947 1463 2023 τάλαιν’
1498 1948 1803 2040 ἠγείρετο
1822 1974 1836 1989 ·

494 2061 784 2125 διπλοῦν
815 2052 944 2145 γάρ
976 2052 1149 2144 αὐτῇ
1177 2052 1344 2144 πῆμ’
1379 2054 1913 2144 ἐπεστρατεύετο.
2137 2073 2271 2127 1185

487 2164 780 2246 χρυσοῦς
807 2159 931 2245 μὲν
959 2154 1133 2246 ἀμφὶ
1160 2158 1355 2245 κρατὶ
1382 2163 1687 2242 κείμενος
1714 2155 1960 2235 πλόκος

488 2259 887 2346 θαυμαστὸν
915 2264 1003 2327 ἵει
1029 2265 1209 2347 νᾶμα
1236 2257 1604 2345 παμφάγου
1639 2259 1883 2347 πυρός·

493 2362 731 2428 πέπλοι
760 2361 835 2430 δὲ
863 2369 1122 2447 λεπτοί,
1153 2367 1295 2429 σῶν
1323 2363 1580 2429 τέκνων
1608 2360 1987 2451 δωρήματα,

491 2465 742 2550 λεπτὴν
781 2467 1072 2532 ἔδαπτον
1098 2463 1313 2552 σάρκα
1340 2469 1455 2550 τῆς
1486 2467 1954 2550 δυσδαίμονος.

495 2564 736 2652 φεύγει
767 2562 832 2632 δ’
868 2561 1186 2634 άναστᾶσ’
1225 2568 1298 2634 ἐκ
1328 2566 1607 2654 θρόνων
1635 2568 2049 2655 πυρουμένη,
2135 2582 2275 2639 1190

488 2675 762 2737 σείουσα
790 2677 1023 2756 χαίτην
1051 2667 1262 2758 κρᾶτά
1294 2665 1353 2737 τ’
1386 2665 1607 2738 ἄλλοτ’
1644 2665 1903 2754 ἄλλοσε,

497 2775 685 2858 ῥῖψαι
718 2776 1014 2842 θέλουσα
1046 2775 1418 2860 στέφανον’
1453 2767 1601 2838 ἀλλ’
1634 2766 1979 2859 ἀραρότως

492 2874 838 2960 σύνδεσμοι
863 2879 1110 2965 χρυσὸς
1141 2872 1308 2960 εἶχε,
1341 2881 1476 2962 πῦρ
1512 2868 1605 2958 δ’,
1637 2874 1781 2940 ἐπεὶ
1808 2870 2024 2959 κόμην

497 2982 742 3061 ἔσεισε,
779 2983 1033 3061 μᾶλλον
1064 2979 1167 3055 δὶς
1195 2974 1407 3055 τόσως
1436 2969 1496 3043 τ’
1530 2973 1873 3061 ἐλάμπετο.

495 3082 713 3145 πίτνει
743 3073 810 3143 δ’
848 3079 915 3156 ἐς
943 3066 1149 3156 οὖδας
1177 3081 1496 3168 συμφορᾷ
1522 3079 1879 3164 νικωμένη,
2138 3089 2274 3144 1195

497 3175 673 3264 πλὴν
707 3183 799 3268 τῷ
827 3177 1085 3247 τεκόντι
1115 3177 1326 3268 κάρτα
1352 3183 1686 3266 δυσπετής
1712 3190 1991 3266 μαθεῖν·

499 3275 645 3349 οὔτ’
680 3275 992 3368 ὀμμάτων
1021 3278 1148 3370 γὰρ
1179 3285 1382 3369 δῆλος
1410 3271 1497 3368 ἦν
1524 3278 1915 3359 κατάστασις

496 3378 645 3449 οὔτ’
683 3379 936 3471 εὐφυὲς
965 3383 1360 3473 πρόσωπον,
1392 3379 1553 3470 αἷμα
1583 3378 1647 3448 δ’
1684 3381 1749 3461 ἐξ
1778 3377 1992 3467 ἄκρου

495 3490 718 3566 ἔσταξε
746 3483 986 3571 κρατὸς
1015 3487 1592 3573 συμπεφυρμένον
1620 3488 1806 3563 πυρί,
