2534 3917
1081 179 1441 240 MHAEIA
2131 181 2255 244 233

470 350 713 439 σάρκες
743 346 810 418 δ’
847 345 964 419 ἀπ’
1001 346 1255 419 ὀστέων
1286 345 1457 418 ὥστε
1490 349 1817 418 πεύκινον
1846 351 2063 440 δάκρυ
2122 371 2256 423 1200

471 463 802 540 γναθμοϊς
831 448 1106 539 ἀδήλοις
1136 450 1515 540 φαρμάκων
1542 448 1894 542 ἀπέρρεον,

473 551 703 625 δεινὸν
732 557 984 644 θέαμα·
1017 560 1178 623 πᾶσι
1207 550 1273 623 δ’
1305 544 1394 641 ἦν
1422 553 1634 642 φόβος
1660 565 1887 642 θιγεῖν

468 665 752 745 νεκροῦ·
785 656 996 744 τύχην
1025 653 1152 746 γὰρ
1185 665 1452 744 εἴχομεν
1482 656 1908 726 διδάσκαλον.
1950 677 2021 776 j

469 757 683 849 πατὴρ
717 755 854 828 δ’ὁ
883 759 1152 848 τλήμων
1182 765 1539 851 συμφορᾶς
1568 756 1955 851 ἀγνωσία

470 858 668 948 ἄφνω
717 861 1086 948 παρελθων
1132 866 1326 950 δωμα
1352 869 1748 952 προσπίτνει
1775 885 2026 954 νεκρω·
2126 881 2257 934 1206

473 960 702 1055 ᾤμωξε
733 960 798 1032 δ’
835 960 1083 1050 εὐθύς,
1115 965 1228 1032 καὶ
1257 964 1664 1055 περιπτύξας
1694 966 1896 1052 δέμας

470 1081 673 1135 κυνεῑ·
693 1072 1102 1154 προσαυδῶν
1131 1063 1350 1135 τοιάδ’
1372 1089 1387 1103 ·
1421 1058 1477 1136 ὦ
1507 1067 1799 1154 δύστηνε
1829 1083 1970 1156 παῖ,

469 1174 570 1247 τίς
600 1164 668 1236 σ’
701 1158 826 1238 ὧδ’
860 1164 1109 1256 ἀτίμως
1140 1168 1485 1256 δαιμόνων
1514 1167 1851 1250 ἀπωλεσες

469 1278 568 1350 τίς
596 1269 716 1338 τὸν
743 1273 1026 1361 γέροντα
1054 1269 1315 1358 τύμβον
1344 1267 1652 1361 ὀρφανὸν
1684 1274 1889 1340 σέθεν

470 1381 781 1460 τίθησιν;
813 1382 1024 1462 οἴμοι,
1057 1373 1481 1463 συνθάνοιμί
1501 1395 1639 1460 σοι,
1669 1375 1927 1442 τέκνον.
2124 1391 2257 1445 1210

472 1477 618 1544 ἐπεὶ
646 1475 722 1544 δὲ
747 1475 1031 1566 θρήνων
1060 1477 1176 1544 καὶ
1206 1475 1392 1564 γόων
1422 1475 1780 1563 ἐπαύσατο,

473 1576 732 1666 χρῄζων
759 1576 1037 1667 γεραιὸν
1066 1581 1502 1666 ἐξαναστῆσαι
1531 1581 1734 1665 δέμας

477 1678 867 1769 προσείχεθ’
903 1676 1072 1750 ὥστε
1103 1678 1331 1760 κισσὸς
1366 1688 1635 1771 ἔρνεσιν
1664 1679 1929 1768 δάφνης

473 1790 774 1851 λεπτοῖσι
812 1786 1122 1869 πέπλοις,
1156 1780 1349 1851 δεινὰ
1382 1780 1444 1851 δ’
1479 1775 1567 1871 ἦν
1597 1791 2050 1870 παλαίσματα·

475 1880 510 1954 ὃ
545 1884 670 1972 μὲν
698 1883 825 1975 γὰρ
857 1881 1056 1974 ἤθελ’
1092 1886 1527 1973 ἐξαναστῆσαι
1559 1884 1751 1972 γόνυ,
2125 1903 2261 1956 1215

472 1983 514 2074 ἣ
548 1983 613 2054 δ’
647 1983 1027 2071 ἀντελάζυτ’
1051 2008 1065 2023 ·
1105 1994 1167 2056 εἰ
1197 1987 1274 2056 δὲ
1301 1984 1467 2076 πρὸς
1494 1994 1651 2074 βίαν
1680 1983 1849 2074 ἄγοι,

478 2088 728 2178 σάρκας
757 2088 1032 2180 γεραιὰς
1059 2086 1422 2179 ἐσπάρασσ’
1458 2085 1579 2157 ἀπ’
1611 2087 1885 2158 ὀστέων.

474 2191 696 2284 χρόνῳ
726 2187 790 2260 δ’
832 2189 1078 2281 ἀπέστη
1105 2193 1219 2261 καὶ
1246 2188 1490 2280 μεθῆχ’
1531 2188 1565 2261 ὁ
1596 2192 1932 2280 δύσμορος

475 2293 732 2382 ψυχήν·
761 2302 977 2364 κακοῦ
1007 2292 1135 2385 γὰρ
1165 2290 1392 2364 οὐκέτ’
1428 2286 1515 2382 ἦν
1543 2291 1929 2385 ὑπέρτερος.

481 2411 737 2465 κεῖνται
764 2397 840 2466 δὲ
868 2398 1100 2486 νεκροὶ
1129 2413 1286 2478 παῖς
1311 2425 1383 2466 τε
1412 2399 1527 2467 καὶ
1553 2400 1775 2487 γέρων
1806 2394 2019 2484 πατὴρ
2130 2413 2263 2466 1220

481 2501 716 2585 πέλας,
748 2497 1038 2588 ποθεινὴ
1073 2500 1431 2588 δακρύοισι
1461 2500 1799 2588 συμφορά.

480 2609 600 2670 καί
626 2628 739 2688 μοι
764 2599 838 2670 τὸ
867 2600 992 2688 μὲν
1025 2599 1148 2669 σὸν
1174 2599 1485 2670 ἐκποδῶν
1513 2608 1681 2670 ἔστω
1717 2602 1923 2689 λόγου
1942 2625 1955 2636 ·

478 2702 726 2792 γνώσει
753 2701 881 2792 γὰρ
911 2700 1080 2789 αὐτὴ
1111 2710 1341 2792 ζημίας
1369 2699 1827 2792 ἀποστροφήν.

480 2801 560 2874 τὰ
589 2803 810 2894 θνητὰ
839 2802 905 2874 δ’
939 2802 1021 2874 οὐ
1049 2811 1182 2874 νῦν
1209 2811 1479 2896 πρῶτον
1506 2801 1800 2893 ἡγοῦμαι
1829 2803 2047 2889 σκιάν,

482 2904 634 2978 οὐδ’
671 2903 755 2976 ἄν
783 2911 1019 2998 τρέσας
1056 2918 1307 2996 εἴποιμι
1334 2903 1494 2987 τούς
1520 2905 1779 2995 σοφοὺς
1812 2913 2077 2994 βροτῶν
2133 2922 2266 2976 1225

488 3016 854 3091 δοκοῦντας
887 3009 1059 3080 εἶναι
1087 3012 1200 3080 καὶ
1227 3009 1633 3100 μεριμνητάς
1660 3010 1882 3098 λόγων

484 3112 764 3194 τούτους
789 3120 1110 3202 μεγίστην
1136 3121 1401 3204 μωρίαν
1430 3109 1887 3200 ὀφλισκάνειν.

485 3223 766 3303 θνητῶν
792 3214 921 3307 γὰρ
954 3213 1184 3297 οὐδείς
1212 3220 1397 3286 ἐστιν
1428 3212 1775 3304 εὐδαίμων
1805 3212 1975 3303 ἀνήρ
1996 3237 2010 3249 ·

491 3313 704 3406 ὄλβου
741 3314 806 3386 δ’
842 3321 1274 3408 ἐπιρρυέντος
1304 3314 1772 3408 εὐτυχέστερος

491 3415 702 3488 ἄλλου
729 3417 977 3510 γένοιτ’
1017 3417 1101 3488 ἂν
1131 3417 1361 3507 ἀλλος,
1402 3416 1746 3507 εὐδαίμων
1777 3414 1842 3486 δ’
1882 3413 1968 3486 ἂν
1995 3413 2096 3485 οὔ.
2141 3431 2274 3484 1230
