2534 3917
305 207 428 270 256
1096 203 1480 262 ΟΡΕΣΤΗΣ

314 387 441 447 ΟΡ.
538 367 590 444 ὦ
619 383 859 464 μῆτερ,
895 371 1169 442 ἰκετεύω
1198 393 1306 457 σε,
1336 370 1425 458 μὴ
1459 368 1706 440 ’πίσειέ
1726 398 1839 458 μοι
2222 392 2331 447 255

538 477 652 557 τὰς
685 473 1112 565 αἱματωποὺς
1139 476 1253 547 καὶ
1282 473 1773 563 δρακοντώδεις
1800 475 2024 564 κόρας.

547 572 764 658 [αὗται
785 578 914 665 γὰρ
932 569 1130 643 αὗται
1149 582 1435 664 πλησίον
1461 576 1863 665 θρώσκουσί
1884 585 2062 663 μου.]

315 698 455 754 HJJ.
539 680 712 770 μέν’,
745 672 799 750 ῶ
826 676 1220 766 ταλαίπωρ’,
1249 675 1499 766 ἀτρέμα
1528 694 1669 758 σοῖς
1696 682 1770 748 ἐν
1799 684 2115 766 δεμνίοις.

547 782 705 876 ὁρᾷς
729 782 857 872 γὰρ
888 779 1093 852 οὐδὲν
1120 771 1468 876 ῶνρδοκεῖς
1495 778 1660 868 σάφ’
1698 783 1967 850 εἰδέναι.

323 898 447 958 [JP.
547 878 598 956 [5
627 882 854 974 Φοῖβ’,
884 882 1339 954 ἀποκτενοῦσί
1359 880 1429 970 μ’
1464 888 1540 952 αἶ
1561 883 1940 963 κυνώπιδες
2224 901 2335 956 260

547 995 890 1078 γοργῶπες
919 989 1171 1076 ἐνέρων
1201 991 1437 1076 ίερίαι,
1468 987 1689 1055 δειναὶ
1716 993 1897 1055 θεαί.

319 1102 463 1162 ΗΑ.
547 1088 734 1161 οὔτοι
761 1088 1037 1178 μεθήσω
1057 1111 1071 1125 ·
1101 1104 1292 1177 χεῖρα
1321 1085 1385 1156 δ’
1419 1084 1773 1175 ἐμπλέξασ’
1814 1087 1980 1175 ἐμὴν

555 1193 774 1281 σχήσω
804 1215 880 1262 σε
909 1197 1134 1280 πηδᾶν
1163 1196 1461 1278 δυστυχῆ
1490 1190 1862 1279 πηδήματα.

327 1310 379 1362 f}
391 1306 451 1366 P.
547 1299 782 1382 μέθες·
813 1290 914 1383 μί’
950 1284 1120 1363 ούσα
1149 1301 1287 1362 τῶν
1314 1297 1495 1380 ἐμῶν
1515 1289 1841 1379 Ἐρινύων

551 1401 755 1486 μέσον
786 1395 856 1485 μ’
892 1393 1221 1482 ὀχμάζεις,
1255 1391 1345 1474 ῶς
1373 1395 1581 1485 βάλῃς
1616 1401 1708 1474 είς
1743 1394 2111 1484 Τάρταρον.
2227 1409 2339 1465 265

327 1506 617 1570 1110?
645 1497 766 1586 ’γῶ
798 1498 1107 1582 τάλαινα,
1137 1494 1267 1565 τίν’
1305 1501 1703 1586 ἐπικουρίαν
1731 1496 1936 1584 λάβω,

555 1602 697 1670 ἐπεὶ
723 1599 796 1670 τὸ
827 1611 1022 1669 θεῖον
1050 1599 1378 1686 δυσμενὲς
1405 1599 1818 1687 κεκτήμεθα;

331 1714 455 1774 UH
555 1701 667 1783 δὸς
697 1702 850 1785 τόξα
878 1729 990 1790 μοι
1018 1701 1385 1792 κερουλκά,
1416 1707 1603 1791 δῶρα
1628 1703 1895 1786 Λοξίου,

551 1800 649 1885 οἷς
678 1803 748 1892 μ’
785 1801 918 1874 εἶπ’
945 1801 1288 1874 Ἀπόλλων
1314 1803 1771 1892 ἐξαμύνασθαι
1799 1806 1997 1890 θεάς,

559 1917 624 1978 εἴ
643 1905 713 1996 μ’
751 1911 1110 1995 ἐκφοβοῖεν
1139 1905 1458 1994 μανιάσιν
1488 1904 1926 1993 λυσσήμασιν.
2235 1919 2340 1976 270

555 2010 956 2098 βεβλήσεταί
976 2038 1074 2088 τις
1105 2016 1293 2078 θεῶν
1322 2014 1645 2098 βροτησίᾳ
1670 2014 1835 2095 χερί,

563 2120 622 2181 εί
645 2109 733 2201 μή
755 2111 1082 2201 ’ξαμείψει
1117 2113 1319 2197 χωρὶς
1346 2107 1659 2198 ὀμμάτων
1687 2113 1885 2196 ἐμῶν.

559 2212 683 2285 οὐκ
715 2209 1121 2294 είσακούετ’;
1154 2210 1278 2299 οὐχ
1307 2209 1509 2301 ὁρᾶθ’
1536 2211 1886 2299 ιἑκηβόλων

559 2316 766 2440 ττόξτων
795 2313 1132 2406 πτερωτὰς
1161 2320 1497 2402 γλυφίδας
1525 2315 2015 2403 ἐξορμωμένας;

563 2447 602 2486 α
629 2446 672 2486 α
689 2440 703 2454 ·

567 2527 632 2589 τί
654 2526 821 2608 δῆτα
847 2515 1148 2606 μέλλετ’;
1179 2516 1533 2607 ἐξακρίζετ’
1568 2520 1812 2606 αἰθέρα
2235 2531 2341 2587 2⁷5

563 2637 859 2712 πτεροῖς·
889 2619 970 2691 τὰ
1000 2628 1263 2709 Φοίβου
1292 2618 1357 2689 δ’
1392 2627 1702 2689 αἰτιᾶσθε
1732 2622 2061 2707 θέσφατα.

567 2733 639 2795 ἔα
659 2748 674 2763 ·

567 2835 634 2898 τί
654 2825 854 2918 χρῆμ’
898 2825 1117 2913 ἀλύω,
1147 2821 1395 2912 πνεῦμ’
1429 2821 1613 2904 ἀνεὶς
1642 2826 1717 2893 ἐκ
1746 2822 2183 2910 πλευμόνων;

567 2944 683 3000 ποῖ
707 2944 829 2998 ποῖ
849 2925 1012 2997 ποθ’
1046 2925 1398 3015 ἡλάμεσθα
1426 2932 1722 3014 δεμνίων
1749 2921 1917 3006 ἅπος

567 3035 638 3102 ἐκ
664 3029 983 3117 κυμάτων
1007 3028 1137 3117 γὰρ
1165 3019 1372 3108 αὖθις
1400 3020 1490 3097 αὖ
1516 3023 1755 3118 γαλήν’
1790 3023 1949 3117 ὁρῶ.

567 3131 875 3219 σύγγονε,
906 3137 978 3200 τί
998 3137 1251 3210 κλαίεις
1280 3137 1491 3219 κρᾶτα
1516 3126 1695 3200 θεῖσ’
1730 3139 1887 3205 εἴσω
1916 3130 2189 3197 πέπλων
2206 3136 2343 3210 ;’280

569 3233 974 3322 αἰσχύνομαί
1018 3256 1093 3304 σε
1133 3232 1533 3320 μεταδιδοὺς
1563 3232 1794 3302 πόνων
1821 3235 2001 3318 ἐμῶν

569 3332 769 3424 ὄχλον
796 3363 868 3405 τε
896 3335 1206 3428 παρέχων
1233 3339 1554 3428 παρθένῳ
1582 3333 1808 3415 νόσοις
1835 3337 2038 3420 ἐμαῖς.

567 3438 656 3526 μὴ
685 3445 821 3508 τῶν
847 3442 1026 3525 ἐμῶν
1053 3443 1237 3509 ἕκατι
1266 3437 1603 3525 συντήκου
1631 3442 1860 3504 κακῶν
1877 3456 1892 3472 ·

567 3538 653 3610 σὺ
680 3540 804 3628 μὲν
830 3538 958 3632 γὰρ
994 3543 1241 3632 ᾔνεσας
1271 3542 1443 3623 τάδ’,
1490 3547 1831 3624 εἴργασται
1860 3536 1926 3602 δ’
1960 3537 2107 3619 ἐμοὶ
