2534 3917
1092 203 1263 263 ΙΩΝ
2077 203 2197 266 113

418 372 623 444 δισσῶ
654 373 1015 463 δράκοντε,
1044 375 1412 462 παρθένοις
1447 371 1834 464 Ἀγλαυρίσι

418 481 651 546 δίδωσι
682 475 919 558 σῶζειν
936 495 949 512 ·
982 471 1157 544 ὅθεν
1180 471 1632 564 Ἐρεχθείδαις
1659 481 1757 543 ἔτι

414 578 612 665 νόμος
649 605 748 656 τις
778 584 959 646 ἔστιν
988 573 1231 664 ὄφεσιν
1260 580 1335 646 ἐν
1361 575 1798 667 χρυσηλάτοις
2130 593 2199 646 25

420 682 691 768 τρέφειν
717 674 924 748 τέκν’.
963 676 1114 747 ἄλλ’
1146 673 1235 767 ἢν
1268 678 1402 767 εἶχε
1425 680 1767 767 παρθένος
1797 676 2040 765 χλιδὴν

416 784 625 872 τέκνῳ
655 777 1040 869 προσάψασ’
1084 788 1316 851 ἔλιπεν
1381 776 1469 862 ῶς
1496 781 1922 872 θανουμένῳ.

417 890 535 950 καί
555 880 629 970 μ’
663 877 761 952 ῶν
787 879 1081 972 ἀδελφὸς
1112 891 1359 971 Φοῖβος
1391 890 1671 953 αἰτεῖται
1700 881 1859 950 τάδε
1877 901 1890 918 ·

419 975 473 1052 ῶ
494 980 796 1072 σύγγον’,
830 983 1057 1054 ἐλθών
1083 982 1251 1055 λαὸν
1283 991 1376 1065 εἰς
1402 981 1788 1073 αὐτόχθονα

418 1092 705 1154 κλεινῶν
736 1083 1080 1174 Ἀθηνῶν,
1112 1086 1316 1156 οἶσθα
1342 1084 1472 1178 γὰρ
1499 1092 1665 1165 θεᾶς
1695 1085 1916 1170 πόλιν,
2127 1101 2198 1154 30

415 1185 644 1274 λαβὼν
670 1191 921 1278 βρέφος
947 1186 1235 1275 νεογνὸν
1261 1191 1336 1258 ἐκ
1364 1196 1591 1274 κοίλης
1617 1188 1860 1276 πέτρας

414 1284 600 1381 αύτῷ
626 1288 759 1358 σῦν
784 1286 979 1377 ἄγγει
1010 1289 1461 1379 σπαργάνοισί
1481 1286 1560 1357 θ’
1593 1283 1693 1368 οἷς
1726 1294 1859 1374 ἔχει

416 1396 649 1478 ἔνεγκε
675 1397 976 1479 Δελφῶν
1006 1387 1181 1478 τᾶμά
1206 1389 1374 1482 πρὸς
1400 1388 1763 1481 χρηστήρια

417 1494 529 1562 καὶ
553 1492 675 1574 θὲς
702 1490 870 1581 πρὸς
898 1489 1132 1573 αύταῐς
1164 1493 1447 1575 εἰσόδοις
1476 1491 1706 1579 δόμων
1737 1494 1935 1578 ἐμῶν.

417 1592 497 1661 τὰ
524 1591 591 1662 δ’
622 1590 795 1681 ἄλλ’,
842 1591 997 1682 ἐμὸς
1024 1594 1153 1684 γάρ
1181 1599 1394 1681 ἐστιν,
1425 1591 1516 1675 ὥς
1545 1599 1758 1683 εἰδῇς,
1791 1589 1826 1661 ὁ
1856 1608 2029 1679 παῖς,
2129 1609 2198 1662 35

418 1691 579 1783 ἡμῖν
604 1695 896 1785 μελήσει.
927 1699 1139 1787 Λοξία
1167 1694 1235 1766 δ’
1268 1647 1400 1784 ἐγῶ
1429 1696 1627 1785 χάριν

420 1796 737 1886 πράσσων
763 1794 1041 1889 ἆδελφῶ
1071 1797 1361 1869 πλεκτὸν
1389 1797 1620 1885 ἐξάρας
1647 1793 1847 1874 κύτος

419 1893 670 1987 ἤνεγκα
696 1901 809 1968 καὶ
836 1896 955 1969 τὸν
984 1905 1193 1969 παῖδα
1220 1903 1574 1990 κρηπίδων
1604 1901 1712 1963 ἔπι

419 2007 654 2088 τίθημι
678 2008 853 2071 ναοῦ
881 1998 1100 2087 τοῦδ’,
1132 1998 1512 2081 ἀναπτύξας
1539 1996 1740 2076 κύτος

418 2109 711 2173 εἱλικτὸν
742 2104 1136 2190 ἀντίπηγος,
1170 2102 1262 2180 ῶς
1294 2100 1507 2190 ὁρῷθ’
1539 2097 1577 2166 ὁ
1610 2109 1786 2178 παῖς.
2129 2113 2198 2167 40

420 2217 619 2292 κυρεῖ
642 2200 708 2271 δ’
742 2197 858 2290 ἅμ’
894 2201 1294 2284 ἱππεύοντος
1322 2199 1520 2292 ἡλίου
1550 2199 1779 2292 κύκλῳ

422 2311 748 2393 προφῆτις
778 2312 1211 2393 εἰσβαίνουσα
1237 2320 1555 2394 μαντεῖον
1584 2307 1756 2371 θεοῦ
1775 2323 1789 2337 ·

421 2401 581 2486 ὄψιν
609 2406 686 2476 δὲ
711 2413 1185 2496 προσβαλοῦσα
1216 2410 1406 2477 παιδὶ
1432 2412 1653 2498 νηπίῳ

424 2505 754 2596 ἐθαύμασ’
793 2519 861 2576 εἴ
880 2532 975 2588 τις
1003 2515 1377 2599 Δελφίδων
1402 2515 1595 2594 τλαίη
1623 2505 1790 2595 κόρη

420 2617 751 2699 λαθραῖον
780 2606 974 2680 ὠδῖν’
1010 2617 1103 2691 είς
1130 2617 1304 2681 θεοῦ
1335 2614 1525 2699 ῥῖψαι
1553 2607 1784 2694 δόμον,
2131 2623 2198 2675 45

424 2705 593 2800 ὑπὲρ
623 2711 699 2780 δὲ
724 2715 1024 2800 θυμέλας
1052 2719 1343 2802 διορίσαι
1373 2708 1722 2800 πρόθυμος
1752 2697 1870 2794 ἦν·

421 2821 624 2903 οίκτῳ
656 2809 725 2882 δ’
758 2811 1027 2904 ἀφῆκεν
1056 2811 1394 2902 ὠμότητα,
1425 2813 1538 2882 καὶ
1565 2806 1726 2890 θεὸς

421 2911 751 3004 συνεργὸς
778 2907 868 3004 ἦν
897 2923 987 3008 τῷ
1016 2917 1209 2985 παιδὶ
1234 2913 1324 3004 μὴ
1349 2912 1648 2984 ’κπεσεῖν
1674 2911 1924 2999 δόμων.

422 3018 654 3105 τρέφει
682 3018 763 3086 δέ
784 3045 895 3086 νιν
923 3023 1251 3105 λαβοῦσα·
1283 3015 1403 3086 τὸν
1429 3021 1791 3104 σπείραντα
1822 3014 1899 3084 δὲ

424 3114 553 3187 οὐκ
581 3116 691 3187 οἶδ
694 3145 726 3187 ε
754 3127 1009 3206 Φοῖβον
1037 3115 1203 3188 οὐδὲ
1227 3114 1462 3208 μητέρ’
1494 3107 1572 3205 ἧς
1601 3123 1756 3206 ἔφυ,
2133 3130 2204 3182 50

425 3215 460 3289 ὁ
491 3235 645 3300 παῖς
674 3246 748 3289 τε
777 3219 935 3301 τοὺς
961 3220 1276 3301 τεκόντας
1301 3216 1426 3290 οὐκ
1467 3221 1826 3288 ἐπίσταται.

422 3324 570 3402 νέος
598 3321 724 3410 μὲν
750 3313 878 3392 οὖν
908 3317 1007 3391 ῶν
1034 3319 1510 3411 ἀμφιβωμίους
1553 3323 1808 3409 τροφὰς

423 3420 615 3510 ἠλᾶτ’
650 3421 971 3513 ἀθύρων·
1008 3420 1095 3505 ὥς
1125 3421 1189 3493 δ’
1226 3421 1646 3512 ἀπηνδρώθη
1675 3423 1898 3507 δέμας,

423 3532 697 3615 Δελφοί
718 3523 836 3613 σφ’
872 3533 1107 3595 ἔθεντο
1139 3523 1622 3615 χρυσοφύλακα
1651 3528 1772 3588 τοῦ
1801 3525 1972 3588 θεοῦ

364 3641 547 3684 tvmp,
592 3643 718 3682 von.
764 3627 829 3681 II.
1759 3615 1798 3673 8
