2534 3917
257 152 382 230 180
1090 155 1384 213 ΚΥΚΛΩ
1399 157 1468 213 Ψ

260 331 406 392 ΟΔ.
488 313 541 391 ῶ
572 328 740 408 Ζεῦ,
771 330 843 390 τί
870 324 1069 409 λέξω,
1101 319 1274 390 δείν’
1311 322 1478 391 ίδῶν
1506 320 1775 411 ἄντρων
1795 330 1924 392 ἔσω
2170 342 2273 398 375

491 421 616 493 κού
646 424 878 511 πιστά,
910 424 1162 511 μύθοις
1200 421 1402 493 εἰκότ’
1438 421 1593 493 οὐδ’
1631 430 1851 513 ἔργοις
1876 433 2176 514 βροτῶν;

255 534 400 595 ΧΟ.
482 534 553 595 τί
578 524 643 596 δ’
679 523 846 614 ἔστ’,
869 523 1233 608 Ὀδυσσεῦ;
1262 534 1410 613 μῶν
1442 534 1832 595 τεθοίναται
1859 530 2069 596 σέθεν

495 636 736 714 φίλους
764 631 1071 714 ἑταίρους
1099 625 1544 707 ἀνοσιώτατος
1571 628 1909 711 Κύκλωψ,
1894 659 1908 673 ·

266 742 403 798 UA.
495 730 766 811 δισσούς
792 727 860 818 γ’
894 727 1196 821 ἀθρήσας
1225 728 1723 818 κάπιβαστάσας
1753 746 2001 820 χεροῖν,

491 842 559 902 οἳ
580 830 827 922 σαρκὸς
857 831 1038 919 εἶχον
1067 829 1596 922 εὐτρεφέστατον
1623 833 1848 920 πάχος.
2170 850 2278 905 380

258 946 399 1002 1131.
487 941 656 1021 πῶς,
693 924 746 1002 ῶ
773 931 1167 1024 ταλαίπωρ’,
1202 925 1319 1022 ἦτε
1348 934 1708 1021 πάσχοντες
1738 934 1933 1016 τάδε;

266 1046 403 1102 UA.
491 1038 634 1106 ἐπεὶ
662 1044 984 1144 πετραίαν
1010 1033 1201 1124 τήνδ’
1238 1037 1616 1125 ἐσήλθομεν
1652 1036 1939 1123 [χθόνα],

491 1138 820 1208 ἀνέκαυσε
847 1139 973 1226 μὲν
1000 1145 1137 1228 πῦρ
1167 1146 1468 1227 πρῶτον,
1499 1135 1763 1260 ὑψηλῆς
1796 1136 2003 1226 δρυὸς
2098 1149 2105 1155 ’

491 1239 778 1331 κορμοὺς
809 1248 1122 1321 πλατείας
1151 1241 1428 1331 ἐσχάρας
1459 1239 1634 1327 βαλ
1592 1268 1689 1309 ων
1718 1248 1846 1327 ἔπι,

495 1349 783 1430 τρισσῶν
811 1340 1082 1431 ἁμαξῶν
1111 1338 1201 1422 ῶς
1228 1340 1573 1430 ἀγώγιμον
1600 1342 1825 1432 βάρος.
2171 1356 2275 1412 385

495 1454 717 1512 ἔπειτα
748 1445 1029 1531 φύλλων
1060 1448 1384 1512 ἐλατίνων
1412 1451 1780 1532 χαμαιπετῆ

495 1554 819 1634 ἔστρωσεν
855 1541 1066 1627 εὐνὴν
1102 1551 1390 1629 πλησίον
1428 1544 1645 1630 πυρὸς
1682 1551 1903 1635 φλογί.

495 1653 791 1736 κρατῆρα
818 1643 885 1715 δ’
921 1649 1278 1734 ἐξέπλησεν
1307 1643 1396 1726 ῶς
1424 1646 1876 1736 δεκάμφορον,

491 1746 777 1835 μόσχους
807 1744 1119 1836 ἀμέλξας,
1151 1746 1399 1817 λευκὸν
1432 1752 1684 1837 εἰσχέας
1713 1748 1903 1835 γάλα.

495 1849 753 1939 σκύφος
779 1878 851 1919 τε
877 1858 1118 1921 κισσοῦ
1146 1847 1466 1940 παρέθετ’
1503 1857 1597 1930 εἰς
1628 1841 1825 1940 εὖρος
1854 1856 2059 1938 τριῶν
2172 1867 2278 1922 390

491 1952 786 2040 πήχεων,
816 1953 1032 2041 βάθος
1061 1954 1137 2022 δὲ
1158 1953 1501 2042 τεσσάρων
1528 1956 1863 2040 ἐφαίνετο.

498 2056 605 2122 καὶ
632 2054 915 2142 χάλκεον
943 2052 1166 2144 λέβητ’
1201 2059 1505 2138 ἐπέζεσεν
1538 2061 1725 2144 πυρί,

491 2154 767 2242 ὀβελούς
797 2154 856 2224 τ’
889 2154 1139 2246 ἄκρους
1165 2157 1291 2243 μὲν
1319 2158 1849 2244 ἐγκεκαυμένους
1878 2162 2068 2244 πυρί,

495 2257 761 2338 ξεστοὺς
788 2257 865 2326 δὲ
891 2257 1205 2349 δρεπάνω
1234 2255 1332 2345 γ’,
1366 2255 1534 2326 ἀλλὰ
1562 2257 1938 2348 παλιούρου
1973 2257 2214 2349 κλάδῳ,

491 2359 779 2428 Αίτναϊά
804 2385 876 2427 τε
904 2375 1196 2447 σφαγεῑα
1223 2362 1561 2429 πελέκεων
1588 2359 1888 2446 γνάθοις.
2171 2374 2273 2429 395

495 2458 581 2538 ὡς
609 2457 674 2527 δ’
707 2451 795 2548 ἦν
825 2464 1053 2549 ἕτοιμα
1079 2461 1296 2531 πάντα
1321 2468 1417 2555 τῷ
1445 2472 1811 2549 θεοστυγεῑ·

475 2558 708 2632 ΡἉιδου
734 2570 1065 2656 μαγείρῳ,
1095 2569 1279 2652 φῶτε
1313 2565 1713 2654 συμμάρψας
1740 2562 1867 2632 δύο

495 2661 720 2753 ἔσφαξ’
754 2669 1040 2756 ἑταίρων
1066 2672 1203 2736 τῶν
1231 2672 1411 2756 ἐμῶν
1448 2670 1692 2756 ῥυθμῷ
1721 2692 1853 2733 τινι

495 2766 610 2835 τὸν
636 2769 760 2855 μὲν
790 2771 1061 2856 λέβητος
1091 2775 1184 2848 εἰς
1213 2771 1411 2850 κύτος
1439 2767 1873 2856 χαλκήλατον,

495 2870 610 2936 τὸν
642 2867 709 2937 δ’
748 2861 874 2954 αὖ,
903 2873 1213 2951 τένοντος
1242 2867 1543 2954 ἁρπάσας
1570 2867 1786 2958 ἄκρου
1814 2867 2039 2953 ποδός,
2170 2883 2278 2936 400

499 2975 713 3037 παίων
742 2968 909 3058 πρὸς
936 2967 1100 3053 ὀξὺν
1127 2972 1420 3060 στόνυχα
1447 2979 1771 3061 πετραίου
1800 2979 2027 3055 λίθου,

499 3073 868 3158 ἐγκέφαλον
897 3074 1238 3163 ἐξέρρανε,
1269 3076 1385 3144 καὶ
1412 3074 1854 3164 καθαρπάσας

499 3170 718 3263 λάβρῳ
745 3179 1038 3264 μαχαίρᾳ
1065 3174 1316 3263 σάρκας
1344 3176 1597 3258 ἐξῶπτα
1629 3184 1816 3267 πυρί,

499 3270 575 3338 τὰ
602 3269 669 3341 δ’
705 3280 800 3354 εἰς
825 3272 1050 3363 λέβητ’
1083 3279 1336 3365 ἐφῆκεν
1366 3281 1651 3360 ἕψεσθαι
1677 3283 1864 3367 μέλη.

495 3372 622 3458 ἐγὼ
655 3372 721 3443 δ’
759 3372 797 3445 ὁ
827 3376 1096 3465 τλήμων
1123 3376 1368 3469 δάκρυ’
1401 3377 1519 3448 ἀπ’
1553 3378 1934 3468 ὀφθαλμῶν
1961 3381 2134 3465 χέων
2174 3394 2277 3446 405

495 3477 944 3567 ἐχριμπτόμην
972 3481 1302 3550 Κύκλωπι
1327 3478 1781 3551 κάδιακόνουν
1798 3505 1813 3518 ·
