2534 3917
1062 204 1523 264 ΦΟΙΝΙΣΣΑΙ

546 379 885 450 Ἐτεοκλέα
914 374 1188 463 κλεινήν
1215 402 1287 444 τε
1315 381 1778 455 Πολυνείκους
1806 383 1985 464 βίαν,

556 483 756 571 κόρας
781 477 856 548 δὲ
884 477 1115 557 δισσάς
1130 499 1144 513 ·
1185 475 1310 564 τὴν
1337 477 1460 563 μὲν
1483 473 1789 563 Ἰσμήνην
1813 477 2028 566 πατὴρ

559 581 897 669 ὠνόμασε,
930 578 1054 668 τὴν
1085 577 1160 647 δὲ
1188 578 1493 666 πρόσθεν
1514 573 1904 666 Ἀντιγόνην
1933 579 2080 667 ἐγώ.

558 682 803 774 μαθων
830 681 907 750 δὲ
934 677 1106 768 τάμὰ
1132 681 1376 766 λέκτρα
1407 679 1734 770 μητρῴων
1760 680 1992 767 γάμων

559 785 596 857 ὁ
626 780 819 856 πάντ’
851 779 1135 861 ἀνατλὰς
1167 785 1493 862 Οἰδίπους
1522 780 1882 867 παθήματα
2270 799 2343 853 60

556 894 653 968 εἰς
682 881 935 974 ὄμμαθ’
970 880 1182 953 αὑτοῦ
1212 880 1440 951 δεινὸν
1469 881 1778 970 ἐμβάλλει
1811 881 2048 970 φόνον,

553 983 995 1079 ’χρυσηλάτοις
1023 984 1387 1073 πόρπαισιν
1415 983 1690 1071 αἱμάξας
1715 983 1935 1072 κόρας.

560 1092 706 1162 ἐπεὶ
734 1088 810 1158 δὲ
837 1089 1092 1156 τέκνων
1124 1087 1326 1173 γένυς
1353 1087 1532 1172 ἐμῶν
1561 1085 1912 1171 σκιάζεται,

558 1191 887 1283 κλῄθροις
927 1195 1230 1279 ἔκρυψαν
1258 1183 1516 1276 πατέρ’,
1547 1183 1637 1254 ἵν’
1673 1182 1994 1274 ἀμνήμων
2021 1185 2186 1272 τύχη

560 1297 820 1382 γένοιτο
852 1296 1119 1361 πολλῶν
1145 1289 1428 1377 δεομένη
1457 1287 1906 1377 σοφισμάτων.
2275 1304 2340 1358 65

562 1403 697 1479 ζῶν
724 1390 790 1462 δ’
832 1393 967 1462 ἔστ’
1003 1396 1077 1462 ἐν
1105 1401 1330 1470 οἴκοις.
1379 1387 1546 1480 πρὸς
1573 1389 1649 1459 δὲ
1676 1396 1790 1478 τῆς
1818 1387 2018 1476 τύχης
2047 1395 2276 1457 νοσῶν

564 1494 729 1584 ἀρὰς
756 1491 992 1582 ἀρᾶται
1024 1494 1257 1561 παισὶν
1287 1487 1756 1577 ἀνοσιωτάτας,

562 1601 795 1686 θηκτῷ
824 1593 1078 1685 σιδήρῳ
1105 1598 1298 1681 δῶμα
1325 1598 1668 1680 διαλαχεῖν
1695 1592 1869 1662 τόδε.

562 1695 653 1767 τῶ
684 1695 748 1766 δ’
791 1701 884 1776 είς
911 1695 1133 1790 φόβον
1158 1694 1452 1779 πεσόντε,
1470 1693 1560 1783 μὴ
1589 1693 2033 1782 τελεσφόρους

564 1797 763 1887 εὐχὰς
788 1799 941 1869 θεοὶ
968 1804 1339 1888 κραίνωσιν
1367 1795 1741 1868 οἰκούντων
1769 1792 1960 1882 ὁμοῦ,
2280 1812 2350 1864 70

562 1896 883 1990 ξυμβάντ’
922 1902 1157 1982 ἔταξαν
1191 1897 1310 1968 τὸν
1335 1897 1668 1987 νεώτερον
1694 1896 1902 1986 πάρος

564 2003 851 2091 φεύγειν
878 2001 1116 2070 ἑκόντα
1143 2001 1344 2088 τήνδε
1373 2005 1802 2086 Πολυνείκην
1828 1996 2064 2085 χθόνα,

560 2102 900 2174 Ἐτεοκλέα
929 2103 1005 2171 δὲ
1030 2099 1314 2196 σκῆπτρ’
1348 2109 1524 2189 ἔχειν
1549 2103 1836 2187 μένοντα
1863 2104 1983 2187 γῆς

568 2204 883 2276 ἐνιαυτὸν
910 2200 1326 2272 ἀλλάσσοντ’.
1359 2205 1502 2272 ἐπεὶ
1529 2200 1594 2271 δ’
1630 2203 1739 2272 ἐπὶ
1767 2209 1989 2288 ζυγοῖς

563 2302 864 2390 καθέζετ’
900 2302 1134 2392 ἀρχῆς,
1164 2301 1248 2372 οὐ
1278 2310 1672 2390 μεθίσταται
1699 2301 1998 2391 θρόνων,
2281 2315 2350 2369 75

566 2408 842 2495 φυγάδα
872 2401 937 2473 δ’
972 2403 1238 2472 ἀπωθεῖ
1262 2411 1465 2492 τῆσδε
1490 2411 1920 2490 Πολυνείκην
1948 2400 2220 2488 χθονός.

564 2509 606 2578 ὃ
635 2504 959 2597 δ”Ἀργος
985 2505 1240 2592 ἐλθῶν,
1277 2512 1480 2594 κῆδος
1499 2504 1863 2595 Ἀδράστου
1892 2500 2140 2591 λαβών,

564 2607 823 2695 πολλὴν
850 2603 1174 2696 ἀθροίσας
1204 2603 1434 2676 ἀσπίδ’
1461 2605 1782 2697 Ἀργείων
1809 2603 1956 2693 ἄγει
1973 2627 1987 2641 ·

567 2707 674 2779 ἐπ’
708 2707 880 2780 αὐτὰ
910 2705 974 2778 δ’
1012 2705 1235 2777 ἐλθῶν
1263 2708 1608 2778 ἑπτάπυλα
1634 2715 1814 2795 τείχη
1843 2706 2021 2793 τάδε,

570 2809 823 2903 πατρῷ’
864 2807 1133 2880 ἀπαιτεῖ
1153 2817 1454 2901 σκῆπτρα
1480 2812 1593 2879 καὶ
1619 2813 1786 2900 μέρη
1815 2807 2082 2895 χθονός.
2281 2823 2354 2876 80

562 2910 693 2998 έγῶ
738 2912 800 2982 δ’
850 2919 994 3002 ἔριν
1038 2912 1278 2983 λύουσ’
1308 2908 1744 2982 ὑπόσπονδον
1769 2919 2000 2998 μολεῖν

570 3019 799 3082 ἔπεισα
826 3013 1017 3082 παιδὶ
1044 3018 1250 3081 παῖδα
1293 3014 1456 3103 πρὶν
1482 3019 1736 3096 ψαῦσαι
1767 3010 1984 3100 δορός.

566 3109 753 3196 ἥξειν
782 3110 851 3183 δ’
884 3109 919 3181 ὅ
948 3120 1287 3201 πεμφθείς
1317 3136 1525 3202 φησιν
1554 3112 1764 3184 αὐτὸν
1791 3111 2093 3201 ἅγγελος.

569 3211 719 3282 ἀλλ’
754 3206 811 3285 ῶ
838 3212 1133 3303 φαεννὰς
1158 3211 1460 3304 οὐρανοῦ
1485 3223 1701 3286 ναίων
1729 3213 1983 3302 πτυχὰς
2181 3227 2192 3234 ’

568 3323 736 3404 Ζεῦ,
767 3324 989 3388 σῶσον
1018 3312 1221 3405 ἡμᾶς,
1253 3315 1372 3398 δὸς
1399 3318 1475 3388 δὲ
1501 3317 1838 3407 σύμβασιν
1867 3318 2141 3393 τέκνοις.
2280 3328 2357 3384 85

566 3416 692 3504 χρὴ
722 3416 813 3504 δ’,
851 3425 915 3487 εί
937 3417 1146 3505 σοφὸς
1175 3421 1512 3505 πέφυκας,
1544 3416 1669 3487 οὐκ
1700 3422 1820 3487 ἐᾶν
1848 3413 2094 3506 βροτὸν

567 3515 685 3585 τὸν
714 3515 921 3588 αὐτὸν
947 3516 1051 3587 ἀεὶ
1080 3525 1374 3604 δυστυχῆ
1402 3518 1831 3589 καθεστάναι.
