2534 3917
555 334 840 426 πικροὺς
875 333 940 405 δ’
973 335 1105 424 ἐγῶ
1132 357 1299 424 σφιν
1332 337 1445 405 καὶ
1472 335 1766 428 λυγρούς
1796 341 1994 428 θήσω
2024 345 2304 436 γάμους,

561 437 806 528 πικρὸν
835 438 912 507 δὲ
940 443 1142 524 κῆδος
1169 439 1283 506 καὶ
1311 436 1532 525 φυγὰς
1565 437 1723 526 ἐμὰς
1753 443 2021 527 χθονός.
2232 469 2337 520 400

563 536 713 610 ἀλλ’
749 539 851 608 εἶα
869 562 882 576 ·
915 544 1160 628 φείδου
1185 539 1397 628 μηδὲν
1424 530 1522 608 ῶν
1551 543 1914 631 ἐπίστασαι,

555 643 829 733 Μήδεια
849 694 868 729 ,
903 640 1329 730 βουλεύουσα
1355 642 1469 710 καὶ
1500 646 1877 732 τεχνωμένη
1898 668 1913 682 ·

556 740 704 833 ἕρπ’
741 748 834 824 εἰς
863 742 936 811 τὸ
969 742 1196 812 δεινόν
1215 765 1232 780 ·
1262 749 1395 812 νῦν
1425 739 1610 831 ἆγῶν
1640 741 1982 834 εὐψυχίας.

562 842 723 936 ὁρᾷς
755 841 798 912 ἃ
827 844 1129 932 πάσχεις;
1162 842 1245 913 ού
1274 848 1528 931 γέλωτα
1555 850 1667 914 δεῖ
1686 843 1753 916 6'
1789 844 2028 936 ὀφλεῖν

557 963 694 1026 τοῖς
721 952 1122 1035 Σισυφείοις
1149 961 1287 1026 τοῖς
1315 942 1375 1014 τ’
1407 943 1690 1026 Ἰάσονος
1718 949 1973 1038 γάμοις,
2225 973 2331 1024 405

563 1056 872 1137 γεγῶσαν
903 1052 1152 1118 ἐσθλοῦ
1187 1045 1435 1136 πατρὸς
1454 1043 1684 1117 Ἡλίου
1717 1046 1778 1117 τ’
1812 1048 1962 1121 ἄπο.

560 1155 909 1220 ἐπίστασαι
938 1151 1040 1219 δέ·
1073 1147 1239 1239 πρὸς
1265 1148 1341 1218 δὲ
1368 1150 1481 1217 καὶ
1509 1150 1907 1238 πεφύκαμεν

560 1269 876 1340 γυναῖκες
945 1257 1039 1333 εἰς
1064 1250 1188 1339 μὲν
1223 1247 1414 1320 ἔσθλ’
1450 1246 1979 1342 ἆμηχανῶταται,

501 1422 514 1435 ,
556 1360 783 1423 κακῶν
812 1353 888 1423 δὲ
915 1353 1184 1422 πάντων
1213 1353 1515 1432 τέκτονες
1542 1352 1936 1442 σοφῶταται.
1986 1375 2097 1443 ,χ’

335 1463 470 1523 XO.
555 1451 694 1523 ἅνω
726 1461 1038 1542 ποταμῶν
1073 1459 1276 1542 ἱερῶν
1299 1460 1844 1545 χωροῦσικπαγαί,
2014 1477 2155 1545 στρ.
2220 1478 2333 1530 410

557 1559 671 1624 καὶ
699 1562 854 1625 δίκα
882 1557 996 1624 καὶ
1025 1555 1239 1623 πάντα
1265 1554 1469 1623 πάλιν
1493 1555 1863 1645 στρέφεται.

557 1653 844 1748 ἀνδράσι
869 1657 993 1744 μὲν
1023 1655 1238 1724 δόλιαι
1266 1663 1541 1743 βουλαί,
1573 1664 1760 1726 θεῶν
1794 1655 1855 1726 δ’

558 1753 784 1828 ούκέτι
812 1765 1027 1838 πίστις
1053 1754 1281 1846 ἄραρε.

559 1857 686 1928 τάν
715 1857 780 1930 δ’
817 1857 984 1948 ἐμὰν
1017 1855 1327 1929 εὔκλειαν
1356 1865 1531 1946 ἔχειν
1555 1858 1791 1947 βιοτὰν
2227 1879 2324 1932 415

559 1963 919 2050 στρέφουσι
949 1968 1193 2051 φᾶμαι·

561 2070 818 2153 ἔρχεται
857 2091 1013 2151 τιμα
1040 2068 1403 2185 novam-3159)
1437 2063 1649 2148 γένει·

559 2161 783 2234 οὐκέτι
813 2165 1218 2242 δυσκέλαδος
1245 2163 1433 2250 φάμα
1459 2179 1781 2251 γυναῖκας
1802 2167 1951 2246 ἕξει.
2213 2180 2316 2232 420

557 2273 804 2352 μοῦσαι
831 2265 906 2333 δὲ
935 2265 1392 2350 παλαιγενέων
1424 2262 1691 2353 λήξουσ’
1725 2262 1964 2336 ἀοιδᾶν
2080 2261 2217 2335 ἀντ.

564 2365 686 2434 τὰν
718 2363 883 2454 ἐμὰν
909 2361 1240 2453 υμνεῦσαι
1269 2361 1743 2435 ἀπιστοσύναν.

560 2463 644 2534 ού
671 2464 798 2556 γὰρ
833 2470 908 2536 ἐν
940 2463 1223 2557 ἁμετέρα
1255 2467 1490 2560 γνῶμα
1517 2467 1725 2559 λύρας

556 2563 784 2637 ῶπασε
811 2570 1058 2637 θέσπιν
1089 2565 1327 2636 αοιδαν
2226 2587 2333 2640 425

563 2679 830 2759 Φοῖβος,
869 2667 1132 2760 ἆγήτωρ
1161 2673 1451 2758 μελέων
1482 2673 1626 2740 ἐπεὶ
1660 2667 1820 2739 ἀντ-

556 2770 750 2860 άχησ’
785 2801 870 2841 αν
899 2800 1116 2861 υμνον

558 2869 862 2961 ἀρσένων
895 2875 1130 2963 γέννα·
1167 2870 1419 2961 μακρὸς
1444 2869 1517 2941 δ’
1545 2872 1714 2942 αἰών
1740 2880 1873 2961 ἔχει

565 2971 775 3040 πολλα
801 2970 989 3060 μὲν”
955 2975 1282 3062 αμετέραν
1310 2971 1581 3063 ἀνδρῶν
1607 3003 1678 3045 τε
1704 2991 1947 3065 μοῖραν
1976 2979 2214 3044 εἰπεῖν.
2229 2989 2339 3044 430

513 3074 522 3086 '
560 3069 646 3140 σὺ
674 3069 739 3141 δ’
772 3076 846 3141 ἐκ
875 3073 1000 3160 μὲν
1033 3083 1240 3143 οἴκων
1274 3083 1576 3164 πατρίων
1598 3083 1925 3157 ἔπλευσας
2057 3097 2199 3166 στρ.

560 3177 932 3266 μαινομένᾳ
959 3180 1238 3267 κραδίᾳ,
1291 3179 1574 3264 διδύμας
1624 3175 1905 3268 ὁρίσασα
1934 3177 2191 3248 πόντου

563 3277 836 3366 πέτρας·
867 3277 977 3346 ἐπὶ
1004 3275 1079 3345 δὲ
1105 3277 1261 3370 ξένα
2511 3301 2533 3332 ⁴

958 3395 1274 3450 410—-420
1294 3416 1377 3444 =
1398 3395 1713 3450 421—430

953 3492 1375 3545 431--438=
1398 3493 1734 3547 439—445

323 165 454 232 208
1146 173 1495 229 ΜΗΔΕΙΑ
