2534 3917
336 198 455 260 108

332 951 473 1012 ΘΟ.

338 1876 477 1935 ΑΘ.

338 2211 476 2271 XO.

808 199 1262 258 ΙΦΙΓΕΝΕΙΛ
1307 201 1369 256 Η
1415 201 1532 257 ΕΝ
1579 200 1940 256 ΤΑΤΡΟΙΣ

515 355 893 460 Ελληνίὸας
914 370 1236 442 γυναῖκας
1256 360 1412 443 ἐξεφ
1416 363 1474 424 ίε
1525 381 1592 423 αι

518 441 791 527 γνώμης
814 444 1073 519 δικαίας
1115 447 1321 510 εινεκ’
1318 490 1338 524 ,
1362 385 1447 521 ἐξ
1485 460 1668 508 σωσα
1697 441 1773 506 δὲ

529 529 639 593 καὶ
662 531 845 632 πρίν
839 522 907 589 σ’
938 523 1215 610 Ἀρείοις
1238 526 1315 592 ἐν
1337 526 1573 632 πάγοις
1597 525 1872 628 ψήφους
1890 531 2036 603 ἴσας

522 605 1956 800 ΞῖἵὲζῖῖσηῖΞῗὲἔέηἷαὲἴῖρημξῗυῖσῖἔῇἧ0ὃε’

522 773 671 844 ἀλλ’
701 779 1051 884 ἐκκομίζου
1073 774 1203 860 σὴν
1233 776 1648 881 κασιγνήτην
1669 774 1959 880 χθονός,

518 860 1006 968 Ἀγαμέμνονος
1026 873 1181 946 παῖ,
1206 863 1319 928 καὶ
1341 860 1428 928 σύ
1454 858 1543 946 μὴ
1564 865 1835 963 θυμοῦ,
1861 859 2060 939 Θόας.

519 941 735 1011 ανασσ
796 941 1083 1048 Ἀθάνα,
1108 957 1282 1011 τοῖσι
1304 969 1441 1011 των
1463 949 1652 1011 θεων
1679 911 1902 1029 λόγδις

521 1026 704 1106 ὅστις
724 1028 954 1096 κλύων
978 995 1254 1107 ἄπιστος
1272 1079 1290 1114 ,
1317 1025 1446 1095 οὐκ
1471 1025 1700 1136 όρθως
1723 1039 1983 1113 φρονεῖ.

522 1110 651 1198 ἐγω
674 1109 739 1179 δ’
764 1109 1035 1218 Ὀρέστῃ
1056 1109 1120 1179 τ’
1128 1117 1237 1220 ,εἰ
1245 1114 1486 1219 φέρων
1509 1112 1745 1199 βρέτας
1765 1119 1929 1189 θεᾶς

520 1193 782 1304 βέβηκ’,
806 1179 1067 1301 ἀδελφῇ
1089 1164 1151 1262 τζ
1182 1194 1333 1281 οὐχὶ
1348 1205 1735 1302 θυμοῦμαι·
1762 1201 1830 1261 τί
1857 1193 1988 1280 γὰρ

523 1278 691 1367 πρὸς
714 1279 874 1359 τοὺς
892 1267 1260 1359 σθένοντας
1280 1278 1491 1359 θεοὺς
1515 1276 1924 1383 ἁμιλλᾶσθαι
1947 1278 2189 1358 καλόν;

522 1372 771 1431 ἴτωσαν
798 1369 891 1442 εἰς
913 1363 1042 1448 σὴν
1067 1363 1197 1431 σὺν
1218 1372 1386 1443 θεᾶς
1419 1361 1748 1469 ἀγάλματι

523 1461 755 1556 γαῖαν,
779 1447 1314 1553 καθιδρύσαιντό
1344 1446 1406 1514 τ’
1439 1445 1735 1554 εὐτυχῶς
1757 1450 2014 1533 βρέτας.

525 1533 761 1617 πέμψω
791 1529 867 1598 δὲ
888 1533 999 1597 καὶ
1020 1527 1212 1598 τάσδ’
1240 1528 1500 1598 Ἑλλάδ’
1533 1536 1624 1608 εἰς
1649 1530 2017 1617 εὐδαίμονα

522 1627 880 1718 γυναῖκας,
905 1635 1131 1718 ωσπερ
1154 1612 1282 1682 σὸν
1305 1613 1616 1701 κέλευσμ’
1645 1617 1918 1701 ἐφίεται.

524 1698 761 1766 παύσω
787 1697 861 1766 δὲ
883 1699 1132 1783 λόγχην
1157 1695 1244 1784 ἣν
1268 1700 1622 1805 ἐπαίρομαι
1650 1702 1866 1780 ξένοις

526 1808 703 1849 νεων
732 1780 793 1849 τ’
825 1783 1100 1887 ἐρετμά,
1126 1784 1231 1849 σοὶ
1253 1780 1404 1850 τάδ’
1433 1810 1522 1863 ως
1546 1787 1764 1870 δοκεῖ,
1787 1784 1938 1851 θεά.

525 1873 747 1973 [αἰνω·
772 1866 847 1935 τὸ
870 1865 999 1954 γὰρ
1023 1865 1240 1954 χρεών
1272 1872 1400 1934 σοῦ
1423 1893 1495 1934 τε
1518 1868 1628 1935 καὶ
1649 1876 1837 1936 θεῶν
1864 1877 2142 1955 κρατεῖ]

527 1949 612 2018 ἴτ’
643 1978 696 2018 ω
722 1958 957 2037 πνοαί,
981 1957 1470 2020 ναυσθλοῦσθε
1493 1949 1615 2019 τόν
1643 1951 2137 2060 Ἀγαμέμνονος

527 2033 712 2104 παῖδ’
742 2041 835 2116 εἰς
863 2003 1190 2142 Ἀθήνας·
1217 2036 1772 2142 συμπορεύσομαι
1808 2035 1873 2105 δ’
1901 2037 2055 2125 ἐγώ,

526 2117 811 2226 σώζουσ’
830 2119 1141 2225 ἀδελφῆς
1162 2125 1279 2204 τῆς
1303 2123 1458 2206 ἐμῆς
1488 2121 1738 2205 σεμνὸν
1763 2125 2018 2208 βρέτας.

525 2200 610 2269 ἴτ’
639 2200 743 2269 ἐπ’
773 2201 1045 2307 εὐτυχία
1067 2209 1183 2288 τῆς
1203 2207 1580 2308 σωζομένης

525 2291 759 2392 μοίρας
745 2269 1239 2391 εὐδαίμονες
1198 2313 1409 2366 οντες.

536 2366 687 2435 ἀλλ’
715 2393 767 2435 ω
794 2389 1005 2471 σεμνη
1031 2371 1209 2454 παρά
1232 2369 1296 2438 τ’
1322 2370 1689 2479 αθανατοις

524 2455 635 2518 καὶ
637 2450 839 2556 παρὰ
862 2462 1178 2560 θνητοῖς,
1195 2454 1468 2535 Παλλὰς
1481 2452 1759 2561 Ἀθάνα,

526 2536 863 2640 δράσομεν
888 2537 1105 2616 οὕτως
1130 2563 1218 2616 ως
1242 2536 1330 2606 συ
1355 2541 1668 2620 κελεύεις.

525 2618 702 2725 μαλα
724 2619 852 2729 γὰρ
875 2622 1173 2708 τερπνὴν
1194 2619 1638 2692 κάνέλπιστον

525 2705 759 2814 φῄμην
783 2704 1048 2774 ἀκοαῖσι
1072 2707 1406 2812 δέδεγμαι.

526 2797 601 2874 [ω
628 2792 796 2876 μέγα
827 2790 1036 2898 σεμνὴ
1060 2795 1238 2876 Νίκη
1254 2842 1274 2877 ,
1299 2787 1419 2858 τὸν
1441 2792 1604 2878 ἐμὸν

525 2877 755 2977 βίοτον
779 2875 1075 2978 κατέχοις

527 2955 749 3042 καὶμὴ
777 2955 1010 3042 λήγοις
1032 2966 1483 3046 στεφανοῦσα.
1488 2967 1510 3046 ]

2212 541 2355 596 1470

2219 959 2352 1014 1475

2209 1376 2346 1429 1480

2217 1761 2355 1856 1485

2207 2217 2352 2271 1490

2217 2637 2354 2694 1495

2509 29 2512 170 Ὺ

2511 347 2514 516 1

2513 667 2516 764 Ψ

2517 1306 2520 1408 Ν
