2534 3917
254 762 373 824 IA.

253 963 422 1026 MH.

257 1167 374 1227 ΙΛ.

262 1238 452 1359 MH.?

253 1371 374 1431 IA.

255 1471 421 1533 MH.

256 1575 374 1634 IA.

256 1676 376 1736 IA.

253 1982 422 2044 ΜΗ.

257 2287 422 2350 ΜΗ.

253 2391 375 2453 IA.

261 3403 401 3462 XO.

1096 172 1447 229 ΜΗΔΕΙΑ

483 349 685 430 Αἰγεῖ
706 340 1200 431 συνοικήσουσα
1227 349 1321 432 τῷ
1350 345 1747 421 Πανδίονος.

487 443 598 528 [σύ
627 449 670 512 δ
677 441 720 530 ’‚
752 439 976 533 ὥσπερ
1007 441 1214 529 εἰκός,
1244 453 1576 512 κατθανεῖ
1598 440 1800 523 κακὸς
1824 452 2067 530 κακῶς,

476 544 757 636 Ἀργοῦς
784 543 956 632 κάρα
984 543 1106 613 σὸν
1136 543 1434 636 λειψάνῳ
1466 548 1945 635 πεπληγμένος,

483 647 724 734 πικρὰς
754 644 1064 727 τελευτὰς
1090 655 1227 716 τῶν
1256 650 1437 734 ἐμῶν
1465 646 1699 734 γάμων
1728 647 1935 732 ἰδών.)

482 749 650 820 ἀλλά
678 745 744 818 «τ’
783 746 1046 837 Ἐρινὺς
1074 745 1329 819 ὀλέσειε
1356 751 1612 817 τέκνων

485 859 696 941 φονία
722 877 794 919 τε
820 857 1019 939 Δίκη.

486 961 586 1034 τίς
614 953 688 1023 δὲ
720 951 912 1022 κλύει
941 973 1068 1021 σου
1095 951 1258 1032 θεὸς
1286 948 1329 1040 ἦ
1361 958 1643 1040 δαίμων,

487 1063 610 1126 τοῦ
635 1054 1026 1142 ψευδόρκου
1053 1056 1168 1122 καὶ
1195 1053 1630 1137 ξειναπάτου;

486 1164 622 1246 φεῦ
652 1163 822 1245 φεῦ,
851 1154 1119 1243 μυσαρὰ
1145 1157 1260 1224 καὶ
1288 1158 1703 1244 παιδολέτορ.

483 1275 697 1347 στεῖχε
730 1256 895 1347 πρὸς
923 1267 1153 1338 οἴκους
1181 1259 1295 1326 καὶ
1322 1254 1529 1326 θάπτ’
1563 1255 1823 1344 ἄλοχον.

482 1369 750 1448 στείχω,
782 1365 1035 1429 δισσῶν
1065 1355 1132 1447 γ’
1168 1356 1415 1449 ἅμορος
1443 1361 1719 1429 τέκνων.

485 1461 674 1534 οὔπω
702 1473 983 1551 θρηνεῖς
1000 1484 1014 1497 ·
1050 1463 1210 1548 μένε
1237 1463 1352 1531 καὶ
1379 1469 1607 1551 γῆρας.

484 1557 537 1634 ὦ
566 1568 766 1634 τέκνα
799 1571 1104 1653 φίλτατα.
1134 1572 1305 1633 ΜΗ.
1337 1571 1545 1653 μητρί
1563 1590 1675 1650 γε,
1705 1565 1812 1632 σοὶ
1842 1560 1908 1632 δ’
1940 1561 2045 1633 οὔ.

481 1663 739 1737 κᾶπειτ’
776 1672 1039 1749 §naves-3
1076 1672 1245 1736 MH.
1289 1669 1367 1735 σέ
1397 1693 1475 1755 γε
1502 1663 1932 1754 πημαίνουσ’.

484 1767 686 1856 ὤμοι,
716 1775 950 1856 φιλίου
978 1766 1193 1858 χρῄζω
1223 1767 1543 1856 στόματος

484 1877 748 1941 παίδων
778 1867 813 1941 ὁ
844 1869 1042 1950 τάλας
1072 1869 1645 1959 προσπτύξασθαι.

481 1980 616 2043 νῦν
642 1994 772 2061 σφε
803 1977 1219 2063 προσαυδᾷς,
1249 1978 1383 2040 νῦν
1409 1967 1701 2055 άσπάζει,
1842 2048 1847 2054 ,

485 2072 621 2144 τότ’
662 2072 1114 2161 ἀπωσάμενος.
1144 2082 1263 2142 ΙΑ.
1299 2073 1414 2152 δός
1444 2100 1558 2159 μοι
1590 2069 1755 2162 πρὸς
1782 2079 1971 2140 θεῶν

488 2183 791 2264 μαλακοῦ
820 2174 1074 2266 χρωτὸς
1100 2183 1356 2258 ψαῦσαι
1386 2177 1659 2243 τέκνων.

489 2275 614 2348 οὐκ
642 2285 780 2348 ἔστι
799 2300 814 2315 ·
853 2277 1068 2369 μάτην
1093 2284 1246 2358 ἔπος
1276 2284 1601 2366 ἔρριπται.

482 2388 652 2466 Ζεῦ,
687 2376 838 2449 τάδ’
874 2376 1141 2459 ἀκούεις
1171 2376 1260 2458 ὥς
1295 2375 1822 2466 άπελαυνόμεθ’,

486 2479 595 2551 οἷά
619 2508 691 2550 τε
725 2481 1062 2570 πάσχομεν
1090 2484 1162 2550 ἐκ
1190 2487 1307 2568 τῆς
1326 2487 1629 2568 μυσαρᾶς

484 2587 596 2652 καὶ
624 2582 1048 2670 παιδοφόνον
1075 2587 1277 2669 τῆσδε
1306 2589 1607 2668 λεαίνης;

485 2682 631 2754 ἀλλ’
669 2681 920 2755 ὁπόσον
951 2690 1124 2772 γοῦν
1151 2682 1331 2772 πάρα
1357 2684 1471 2750 καὶ
1498 2680 1791 2768 δύναμαι

485 2786 642 2856 τάδε
674 2789 788 2856 καὶ
817 2793 1054 2876 θρηνῶ
1085 2782 1487 2870 κάπιθεάζω,

486 2890 984 2979 μαρτυρόμενος
1013 2893 1334 2975 δαίμονας
1362 2882 1451 2965 ὥς
1476 2913 1588 2972 μοι

487 2987 668 3059 τέκν’
704 2987 1132 3060 άποκτείνασ’
1168 2986 1585 3067 άποκωλύεις

484 3099 750 3173 ψαῦσαί
771 3120 841 3162 τε
871 3106 1096 3183 χεροῖν
1123 3090 1342 3173 θάψαι
1370 3117 1441 3158 τε
1470 3090 1775 3179 νεκρούς,

489 3191 606 3275 οὓς
634 3190 876 3282 μήποτ’
917 3190 1047 3281 ἐγώ
1082 3192 1305 3281 φύσας
1331 3189 1585 3280 ὄφελον

488 3294 655 3383 πρὸς
683 3303 805 3365 σοῦ
839 3297 1216 3383 φθιμένους
1245 3296 1619 3362 ἐπιδέσθαι.

486 3404 754 3465 πολλῶν
781 3405 1015 3484 ταμίας
1044 3395 1214 3477 Ζεὺς
1241 3399 1315 3466 ἐν
1337 3391 1671 3486 Ὀλύμπῳ,

2140 173 2265 235 239

2131 869 2267 922 1390

2132 1381 2155 1430 l
2165 1378 2263 1432 395

2134 1888 2265 1939 1400

2130 2393 2262 2447 1405

2138 2901 2265 2954 1410

2135 3409 2264 3460 1415
