2534 3917
302 138 385 201 94

311 320 437 380 ΟΡ.

306 423 426 484 ΙΦ.

312 524 441 584 ΟΡ.

305 626 427 688 ΙΦ.

313 727 441 788 ΟΡ.

307 830 427 892 ΙΦ.

313 931 441 992 ΟΡ.

308 1035 427 1095 ῙΦ.

312 1135 442 1196 ΟΡ.

306 1238 427 1299 ΙΦ.

312 1340 440 1400 ΟΡ.

307 1441 425 1502 ΙΦ.

310 1543 440 1604 ΟΡ.

305 1645 424 1707 Id).

310 1746 440 1807 ΟΡ.

304 1849 425 1911 ΙΦ.

310 1951 439 2011 ΟΡ.

304 2054 423 2117 ΙΦ.

309 2154 439 2215 ΟΡ.

308 2563 420 2624 ῙΦ.

825 137 1282 195 ΙΦΙΓΕΝΕῙΑ
1321 138 1392 194 H
1421 138 1538 196 EN
1582 139 1940 196 ΤΑΥΡΟΙΣ

530 315 773 398 χρῆσαι
800 322 1063 376 κακοῖσι
1091 321 1228 387 τοῖς
1255 309 1468 395 ἐμοῖς,
1501 313 1563 376 εἰ
1587 312 1954 396 κερδανεῖς.

536 408 625 490 ὥς
650 405 737 478 οὐ
756 411 953 496 θέμις
978 428 1054 476 σε
1080 410 1356 496 λέξομεν
1382 408 1589 478 θύειν
1614 415 1766 501 θεᾷ,
2183 431 2320 484 1035

539 509 671 583 τίν’
703 517 924 580 αἰτίαν
952 510 1215 595 ἔχονθ’;
1245 508 1607 580 ὑποπτεύω
1637 537 1702 580 τι
1729 510 1876 600 γάρ.

535 611 618 686 οὐ
646 611 956 702 καθαρὸν
985 607 1183 698 ὄντα,
1216 612 1291 682 τὸ
1321 610 1389 682 δ’
1423 609 1612 682 ὅσιον
1643 613 1840 682 δώσω
1871 614 2086 707 φόνῳ.

536 726 609 787 τί
631 721 797 803 δῆτα
825 721 1079 802 μᾶλλον
1107 720 1273 794 θεᾶς
1301 711 1546 804 ἄγαλμ’
1581 712 1958 798 ἀλι’σκεται;

536 817 789 889 πόντου
819 837 897 885 σε
926 831 1168 905 πηγαῖς
1195 813 1466 904 ἁγνίσαι
1493 817 1930 907 βουλήσομαι,

531 922 628 988 ἔτ’
675 925 751 988 ἐν
792 921 1057 1008 δόμοισι
1081 924 1342 1010 βρέτας,
1366 916 1476 1006 ἐφ’
1513 910 1568 1009 ᾦ
1596 917 2087 1007 πεπλεύκαμεν.
2184 937 2316 990 1040

533 1021 803 1092 κάκεῖνο
830 1027 1058 1108 νίψαι,
1089 1027 1214 1092 σοῦ’
1245 1021 1563 1108 θιγόντος
1595 1017 1719 1108 οἷς,
1752 1025 1903 1110 ἐρῶ.

537 1138 658 1194 ποῖ
680 1129 881 1210 δῆτα;
914 1121 1169 1193 πόντου
1198 1122 1480 1213 νοτερὸν
1509 1123 1697 1204 εἶπας
1727 1130 2045 1212 ἕκβολονς

534 1217 619 1296 οὗ
647 1231 816 1304 ναῦς
842 1235 1138 1312 χαλινοῖς
1164 1229 1532 1307 λινοδέτοις
1559 1222 1755 1314 ὁρμεῖ
1779 1230 2006 1295 σέθεν.

538 1326 625 1398 σὺ
655 1324 720 1396 δ’
752 1323 796 1414 ἤ
820 1354 920 1408 τις
946 1323 1145 1407 ἄλλος
1171 1331 1247 1396 ἐν
1272 1343 1501 1417 χεροῖν
1527 1339 1696 1398 οἴσει
1721 1330 1996 1418 βρέτας,

534 1428 666 1518 ἐγώ
683 1451 697 1466 ·
732 1439 960 1516 θιγεῖν
987 1427 1115 1518 γὰρ
1142 1424 1338 1498 ὅσιόν
1365 1426 1499 1499 ἐστ’
1534 1432 1679 1519 ἐμοὶ
1705 1428 1900 1520 μόνῃ.
2175 1446 2307 1500 1045

529 1629 777 1704 ταύτὸν
801 1647 1027 1720 χεροῖν
1054 1635 1160 1703 σοὶ
1189 1635 1443 1716 λέξεται
1469 1633 1698 1723 μίασμ’
1734 1641 1926 1722 ἔχων.
2038 1657 2054 1664 ’

534 1735 760 1826 λάθρᾳ
789 1731 857 1804 δ’
890 1731 1173 1817 ἄνακτος
1198 1731 1242 1824 ἦ
1273 1736 1524 1818 εἰδότος
1551 1737 1819 1827 δράσεις
1845 1736 2037 1818 τάδε;

532 1843 815 1910 πείσασα
842 1836 1121 1926 μύθοις·
1152 1835 1236 1908 οὐ
1263 1835 1392 1929 γὰρ
1422 1835 1506 1909 ἂν
1533 1838 1817 1928 λάθοιμί
1836 1867 1933 1928 γε.

529 1943 643 2010 καὶ
670 1939 804 2030 μὴν
830 1939 1000 2021 νεώς
1027 1969 1105 2030 γε
1134 1948 1412 2022 πίτυλος
1442 1938 1687 2032 εὐήρης
1714 1942 1913 2031 πάρα.
2182 1961 2316 2012 1050

531 2045 641 2113 σοὶ
670 2041 754 2131 δὴ
782 2046 1009 2130 μέλειν
1034 2041 1160 2133 χρὴ
1188 2040 1376 2112 τᾶλλ’
1411 2038 1590 2125 ὅπως
1615 2047 1746 2126 ἕξει
1773 2049 2010 2123 καλῶς.

532 2142 681 2224 ἑνὸς
708 2144 922 2232 μόνου
949 2150 1084 2232 δεῖ,
1127 2145 1330 2214 τάσδε
1357 2147 1747 2236 συγκρύψαι
1773 2147 1952 2216 τάδε.

538 2244 684 2316 ἀλλ’
724 2243 987 2330 ἀντίαζε
1014 2249 1129 2315 καὶ
1155 2245 1402 2334 λόγους
1432 2255 1864 2338 πειστηρίους

534 2344 799 2437 εὕρισκ’
826 2369 841 2384 ·
872 2355 1005 2435 ἔχει
1032 2373 1136 2417 τοι
1163 2349 1458 2438 δύναμιν
1488 2357 1582 2430 είς
1610 2350 1836 2420 οἶκτον
1863 2348 2056 2439 γυνή.

530 2448 613 2519 τὰ
641 2446 712 2519 δ’
746 2445 896 2518 ἀλλ’
930 2461 1089 2532 ἴσως
1117 2446 1201 2521 ἀν
1229 2451 1446 2521 πάντα
1475 2460 1772 2541 συμβαίη
1799 2459 2037 2532 καλῶς.
2175 2471 2315 2523 1055

528 2543 585 2622 ὦ
612 2557 924 2642 φίλταται
952 2569 1301 2642 γυναῖκες,
1333 2561 1426 2634 εἰς
1453 2551 1627 2643 ὑμᾶς
1652 2557 1900 2643 βλέπω,

532 2658 647 2729 καὶ
673 2651 825 2743 τᾶμ’
853 2659 927 2725 ἐν
952 2653 1118 2746 ὑμῖν
1146 2661 1327 2727 ἐστιν
1355 2652 1397 2745 ἢ
1424 2664 1642 2738 καλῶς
1669 2663 1848 2744 ἔχειν

528 2753 572 2846 ἦ
597 2758 810 2846 μηδὲν
838 2757 1011 2828 εἶναι
1042 2761 1156 2828 καὶ
1181 2767 1594 2848 στερηθῆναι
1623 2759 1876 2848 πάτρας

536 2866 742 2946 φίλου
768 2856 830 2927 τ’
864 2856 1167 2948 ἀδελφοῦ
1196 2861 1515 2950 φιλτάτης
1540 2889 1613 2931 τε
1640 2860 2003 2948 συγγόνου.

532 2961 646 3030 καὶ
672 2966 903 3049 πρῶτα
929 2964 1054 3048 μέν
1081 2990 1192 3051 μοι
1218 2970 1342 3031 τοῦ
1372 2964 1578 3052 λόγου
1603 2961 1753 3033 τάδ’
1786 2961 2042 3052 ἀρχέτω
2059 2985 2074 3000 ·
2181 2979 2318 3034 1060

532 3064 848 3152 γυναῖκές
879 3066 1109 3152 ἐσμεν,
1140 3065 1482 3154 φιλόφρον
1513 3063 1829 3153 ἀλλήλαις
1857 3068 2072 3153 γένος,

528 3164 764 3250 σώζειν
790 3191 863 3234 τε
890 3165 1085 3235 κοινὰ
1112 3165 1445 3256 πράγματ’
1479 3164 1997 3256 ἀσφαλέσταται.

526 3265 845 3358 σιγήσαθ’
876 3265 1037 3356 ἡμῖν
1063 3271 1176 3339 καὶ
1204 3270 1750 3359 συνεκπονήσατε

529 3370 770 3458 φυγάς.
800 3371 1009 3440 καλόν
1038 3399 1140 3441 τοι
1167 3369 1419 3460 γλῶσσ’
1452 3368 1582 3465 ὅτῳ
1613 3369 1810 3460 πιστῆ
1832 3377 2034 3460 παρῇ.

529 3468 728 3553 ὁρᾶτε
756 3469 822 3540 δ’
857 3468 944 3554 ὥς
970 3489 1148 3562 τρεῖς
1176 3480 1297 3561 μία
1326 3473 1491 3561 τύχη
1517 3472 1676 3554 τοὺς
1705 3474 2068 3561 φιλτάτους
2173 3489 2312 3544 1065

2269 3735 2284 3762 ⁴1

1122 3761 1203 3834 *x
2225 3775 2271 3836 β’
