2534 3917
276 145 404 210 384

286 2469 431 2532 XO.

284 2675 429 2738 ΕΚ.

266 3479 269 3484 ¹
290 3390 436 3452 xo,

1046 146 1480 202 ΤΡΩΙΑΔΕΣ

513 322 723 406 γραῦς
756 311 1043 394 άπολις’
1016 312 1290 393 άτεκνος
1316 309 1562 382 ἄθλιον
1589 314 1825 383 θάπτω
1854 319 2121 406 νεκρόν.

508 429 719 506 οἴμοι,
754 415 833 486 τὰ
865 413 1058 487 πόλλ’
1103 411 1490 504 ἀσπάσμαθ’
1525 421 1603 484 αἴ
1629 413 1690 484 τ’
1724 420 1874 504 ἐμαὶ
1899 422 2150 510 τροφαὶ

510 529 707 592 πόνοι
750 515 815 587 τ’
857 523 1100 589 ἐκεῖνοι
1134 517 1404 608 φροῦδά
1430 545 1562 604 μοι.
1595 526 1665 586 τί
1687 526 1807 588 καί
1829 545 1988 589 ποτε

510 624 831 714 γράψειεν
851 649 937 689 αν
960 629 1058 712 σῷ
1077 616 1480 708 μουσοποιὸς
1511 624 1585 689 ἐν
1611 621 1839 714 τάφφ;

513 726 632 796 τὸν
662 729 867 796 παῖδα
896 721 1081 795 τόνδ’
1123 731 1428 793 ἔκτειναν
1450 719 1742 811 Ἀργεῖοί
1765 749 1922 793 ποτε
2159 742 2297 796 1190

517 835 891 910 δείσαντες;
936 825 1209 949 αἰσχρὸν
1238 822 1707 914 τούπίγραμμά
1743 822 1808 914 γ’
1835 823 2119 895 Ἑλλάδι.

512 926 659 999 ἀλλ’
696 921 821 998 οὖν
849 929 1177 1020 πατρςόων
1206 925 1289 997 οὐ
1319 925 1540 1017 λαχων
1570 925 1799 1010 ἔξεις“
1761 957 1934 1016 ομως

512 1038 585 1103 ἐν
616 1023 663 1122 ᾗ
689 1031 973 1120 ταφήσει
1006 1029 1432 1120 χαλκόνωτον
1470 1027 1670 1099 ἰτέαν.

514 1127 567 1205 ῶ
598 1142 1017 1223 καλλίπηχυν
1038 1129 1352 1221 Ἕκτορος
1380 1141 1704 1223 βραχιονα

511 1235 821 1324 66590‘126',
852 1235 1127 1324 ἄριστον
1158 1232 1408 1326 φύλακ’
1447 1232 1795 1316 ἀπώλεσας
1823 1239 2046 1304 σέθεν.
2161 1253 2307 1308 1195

519 1339 608 1420 ῶς
634 1336 863 1428 ἡδυς’
832 1368 907 1408 εν
936 1339 1230 1428 πόρπακι
1260 1336 1376 1418 σὸς
1402 1353 1612 1407 κεῖται
1643 1338 1848 1418 τύπος

513 1442 699 1520 ἴτυός
722 1438 785 1506 τ’
820 1445 894 1509 ἐν
924 1437 1299 1528 εὐτόρνοισι
1334 1439 1760 1530 περιδρόμοις
1800 1440 2018 1529 ιδρῶς,

500 1540 593 1612 ’ὃν
621 1547 693 1611 ἐκ
720 1541 1030 1628 μετώπου
1064 1539 1382 1621 πολλάκις
1409 1543 1659 1623 πόνους
1687 1549 1856 1629 ἔχων

484 1653 782 1731 ἔσταζεν
803 1640 1057 1732 Ἕκτωρ
1088 1647 1477 1733 προστιθεὶς
1515 1644 1830 1732 γενειάδι.

516 1751 775 1838 φέρετε,
804 1742 1075 1837 κομίζετ’
1110 1743 1330 1840 ἀθλίω
1360 1747 1611 1834 κόσμον
1637 1754 1854 1840 νεκρῷ
2163 1765 2310 1818 1200

514 1856 588 1921 ἐκ
616 1859 753 1920 τῶν
782 1850 1165 1941 παρόντων·
1205 1847 1288 1919 οὐ
1318 1847 1445 1939 γὰρ
1479 1855 1572 1930 εἰς
1599 1847 1838 1931 κάλλος
1865 1845 2066 1936 τύχας

517 1959 780 2040 δαίμων
811 1958 1125 2023 δίδωσιν·
1164 1943 1262 2021 ῶν
1292 1950 1357 2022 δ’
1391 1959 1550 2039 ἔχω,
1584 1953 1782 2040 λήψει
1812 1950 1988 2022 τάδε.

519 2063 800 2143 θνητῶν
830 2057 905 2126 δὲ
931 2063 1153 2145 μῶρος
1184 2051 1364 2136 ὅστις
1394 2045 1474 2123 εὖ
1500 2055 1824 2145 πράσσειν
1853 2047 2076 2124 δοκῶν

518 2160 758 2246 βέβαια
784 2165 998 2246 χαίρει
1016 2179 1031 2194 ·
1063 2172 1199 2236 τοῖς
1226 2157 1496 2246 τρόποις
1522 2156 1650 2245 γὰρ
1677 2162 1753 2225 αἱ
1775 2153 1992 2246 τύχαι,

520 2266 886 2348 ἔμπληκτος
922 2256 1011 2338 ῶς
1042 2255 1434 2347 ἅνθρωπος,
1465 2255 1688 2329 ἄλλοτ’
1729 2256 1964 2328 ἄλλοσε
2168 2277 2309 2330 1205

522 2365 818 2449 πηδῶσι,
847 2357 1117 2439 κούδεὶς
1152 2355 1355 2442 αὐτὸς
1385 2359 1659 2450 εὐτυχεῖ
1680 2357 1856 2430 ποτε.

520 2463 634 2530 καὶ
664 2459 799 2550 μὴν
826 2460 956 2552 πρὸ
985 2469 1230 2552 χειρῶν
1258 2467 1406 2533 αιδε
1437 2488 1542 2535 σοι
1569 2463 2052 2551 σκυλευμάτων

520 2572 845 2654 Φρυγίων
871 2567 1156 2698 φέρουσι
1185 2566 1437 2666 κόσμον
1465 2568 1766 2666 ἐξάπτειν
1797 2573 2035 2658 νεκρῶ.

521 2697 572 2737 ω
609 2669 879 2757 τέκνον,
912 2697 1034 2758 ουχ
1061 2673 1322 2739 ιπποισι
1350 2667 1716 2757 νικήσαντά
1740 2691 1816 2737 σε
1871 2759 1878 2763 ‚

521 2768 673 2840 οὐδ’
713 2769 946 2860 ἥλικας
988 2771 1309 2860 τόξοισιν,
1341 2769 1460 2854 οὓς
1487 2771 1754 2859 Φρύγες
1787 2771 2037 2860 νόμους
2169 2789 2309 2842 1210

519 2879 832 2962 τιμῶσιν,
865 2900 991 2943 ουκ
1022 2878 1116 2953 εἰς
1141 2873 1524 2984 πλησμονὰς
1551 2872 1960 2964 θηρώμενοι,

521 2974 739 3063 μήτηρ
768 2975 1015 3064 πατρός
1045 2994 1148 3042 σοι
1182 2973 1582 3082 προστίθησ’
1621 2973 1964 3065 ἀγάλματα

517 3083 657 3146 τῶν
691 3083 833 3145 σῶν
861 3072 1010 3144 ποτ’
1046 3071 1298 3165 όντων,
1327 3087 1462 3148 νῦν
1490 3081 1571 3148 δέ
1598 3076 1663 3150 σ’
1693 3075 1735 3166 ἡ
1763 3074 2136 3166 θεοστυγὴς

522 3174 838 3269 ἀφείλεθ’
864 3174 1093 3267 Ἑλένη
1111 3229 1129 3266 ,
1164 3177 1332 3269 πρὸς
1362 3182 1436 3251 δὲ
1465 3183 1576 3250 καὶ
1604 3180 1828 3268 ψυχὴν
1856 3181 2061 3250 σέθεν

524 3289 778 3351 ἔκτεινε
807 3283 921 3351 καὶ
948 3277 1145 3352 πάντ’
1174 3279 1364 3354 οἷκον
1393 3281 1843 3367 ἐξαπώλεσεν.
2171 3296 2300 3351 1215

522 3385 555 3451 ἓ
584 3390 647 3470 ἔ,
682 3393 957 3470 φρενῶν

2491 1305 2494 1424 Ι

2491 1503 2494 1534 Ι

2479 1575 2494 1654 ³
