2534 3917
1077 243 1432 302 MHAEIA
1843 248 1849 252 ’
2150 247 2270 309 217

249 422 375 484 AI.
485 419 556 480 τί
574 409 704 499 γὰρ
734 408 856 478 σὸν
884 407 1068 499 ὄμμα
1093 411 1268 499 χροός
1295 435 1368 478 τε
1395 408 1741 499 συντέτηχ’
1774 409 1927 497 «ἴδες

249 523 425 585 ΜΗ.
485 519 737 601 Αίγεῦ,
767 512 1075 593 κάκιστος
1103 519 1241 581 ἔστι
1269 539 1385 600 μοι
1414 512 1686 582 πάντων
1712 515 1923 596 πόσις.
2024 531 2031 538 ’
2171 533 2273 588 690

250 625 375 686 ΑΙ.
481 622 554 684 τί
575 614 744 702 φής;
774 621 1009 702 σαφῶς
1033 641 1148 702 μοι
1177 613 1299 694 σὰς
1328 615 1591 704 φράσον
1620 620 2024 704 δυσθυμίας.

251 725 422 788 ΜΗ.
484 713 709 785 άδικεῖ
733 713 808 803 μ’
842 713 1075 786 Ἰάσων
1103 713 1311 785 οὐδὲν
1339 719 1403 799 ἐξ
1435 720 1600 804 ἐμοῦ
1628 719 1894 787 παθών.

248 829 374 890 ΑΙ.
482 825 553 887 τί
571 825 793 907 χρῆμα
819 816 1102 907 δράσας;
1133 818 1343 908 φράζε
1368 847 1483 906 μοι
1510 822 1946 911 σαφέστερον.

249 929 422 991 ΜΗ.
479 917 751 1008 γυναῖκ’
787 917 900 1008 ἐφ’
931 916 1097 1008 ἡμῖν
1125 920 1445 991 δεσπότιν
1472 921 1701 1008 δόμων
1731 929 1884 1010 ἔχει.

249 1032 373 1092 ΑΙ.
477 1014 523 1110 ἦ
547 1048 680 1092 που
705 1020 1049 1109 τετόλμηκ’
1083 1030 1287 1113 ἔργον
1316 1033 1658 1111 αἴσχιστον
1684 1023 1877 1108 τόδες
2164 1044 2268 1099 695

250 1133 420 1194 ΜΗ.
482 1119 647 1210 σάφ’
679 1121 824 1192 ἴσθ’
846 1146 860 1161 ·
889 1119 1112 1212 ἄτιμοι
1140 1122 1203 1193 δ’
1237 1126 1438 1212 ἐσμὲν
1467 1131 1536 1194 οἱ
1557 1125 1688 1214 πρὸ
1716 1135 1837 1196 τοῦ
1874 1136 2082 1215 φίλοι.

247 1235 372 1296 ΑΙ.
479 1226 768 1315 πότερον
795 1228 1108 1316 ἐρασθεὶς
1133 1221 1178 1313 ἢ
1205 1225 1330 1295 σὸν
1357 1230 1700 1316 ἐχθαίρων
1726 1230 1949 1315 λε’χος;

171 1345 178 1348 “
253 1337 419 1398 ΜΗ.
481 1329 694 1416 μέγαν
719 1325 786 1416 γ’
822 1334 1067 1417 ἔρωτα·
1100 1327 1334 1409 πιστὸς
1365 1326 1492 1397 οὐκ
1522 1335 1656 1416 ἔφυ
1685 1337 1930 1416 φίλοις.

249 1440 371 1500 ΑΙ.
481 1440 598 1499 ἴτω
626 1457 792 1518 νυν,
827 1439 1014 1520 εἴπερ
1046 1427 1135 1511 ὥς
1161 1433 1378 1517 λέγεις
1405 1433 1587 1500 ἐστὶν
1618 1431 1842 1512 κακός.

249 1541 418 1603 ΜΗ.
486 1529 760 1620 ἀνδρῶν
785 1532 1148 1622 τυράννων
1173 1539 1377 1621 κῆδος
1402 1530 1673 1623 ἠράσθη
1704 1542 1958 1622 λαβεῖν.
2168 1553 2273 1607 700

251 1643 372 1704 ΑΙ.
480 1639 721 1703 δίδωσι
750 1631 815 1703 δ’
850 1632 1034 1728 αὐτῷ
1062 1641 1198 1719 τίς;
1233 1638 1514 1725 πέραινέ
1536 1663 1650 1723 μοι
1678 1636 1905 1724 λόγον.

254 1744 423 1806 ΜΗ.
481 1738 758 1825 Κρέων,
793 1733 867 1816 ὃς
897 1734 1085 1825 ἄρχει
1113 1743 1317 1824 τῆσδε
1343 1744 1465 1825 γῆς
1491 1737 1891 1827 Κορινθίας.

247 1847 370 1908 ΑΙ.
475 1837 875 1927 συγγνωστὰ
901 1839 1068 1925 [μὲν]
1098 1837 1228 1928 γὰρ
1254 1829 1344 1926 ἦν
1370 1859 1447 1908 σε
1471 1848 1872 1925 λυπεῖσθαι,
1901 1840 2124 1927 γύναι.

249 1949 417 2010 ΜΗ.
477 1937 725 2013 ὄλωλα·
757 1942 871 2010 καὶ
899 1939 1067 2030 πρός
1094 1937 1163 2028 γ’
1198 1939 1637 2029 ἐξελαύνομαι
1663 1940 1933 2028 χθονός.

247 2051 369 2114 ΑΙ.
475 2041 642 2132 πρὸς
668 2048 827 2125 τοῦς
856 2038 1004 2112 τόδ’
1037 2038 1201 2111 ἄλλο
1230 2041 1471 2111 καινὸν
1500 2034 1590 2112 αὖ
1619 2045 1836 2130 λέγεις
1864 2043 2095 2114 κακόν.
2162 2060 2265 2114 705

245 2154 416 2214 MH.
477 2147 719 2234 Κρέων
746 2140 818 2231 μ’
853 2143 1125 2213 ἐλαύνει
1155 2145 1432 2233 φυγάδα
1460 2151 1581 2233 γῆς
1608 2151 2006 2233 Κορινθίας.

246 2255 368 2316 ΑΙ.
476 2250 552 2338 ἐᾷ
581 2243 647 2316 δ’
687 2242 957 2330 Ἰάσων,
988 2245 1152 2317 οὐδὲ
1182 2245 1377 2316 ταῦτ’
1410 2245 1721 2336 ἐπῄνεσα.
1884 2277 1890 2284 ·

245 2357 416 2418 ΜΗ.
473 2349 652 2439 λόγῳ
678 2348 805 2435 μὲν
833 2345 994 2436 οὐχί
1002 2402 1021 2436 ,
1051 2365 1403 2440 καρτερεῖν
1431 2349 1508 2418 δὲ
1534 2349 1871 2437 βούλεται.

479 2446 627 2520 ἀλλ’
663 2445 953 2538 ἄντομαί
975 2472 1050 2521 σε
1077 2457 1280 2540 τῆσδε
1312 2450 1479 2540 πρὸς
1507 2451 1851 2539 γενειάδος

475 2550 784 2641 γονάτων
811 2580 884 2621 τε
912 2559 1051 2621 τῶν
1078 2559 1220 2622 σῶν
1249 2559 1467 2622 ἱκεσία
1493 2580 1565 2622 τε
1592 2562 1937 2642 γίγνομαι,
2161 2570 2263 2624 710

482 2664 818 2743 οἰκτειρον
846 2655 1180 2744 οἴκτειρόν
1205 2682 1289 2742 με
1317 2653 1442 2742 τὴν
1470 2660 1892 2742 δυσδαίμονα

477 2758 591 2826 καὶ
617 2755 708 2845 μή
735 2753 806 2844 μ’
839 2763 1089 2847 ἔρημον
1116 2759 1535 2826 ἐκπεσοῦσαν
1565 2760 1839 2843 είσίδῃς,

481 2861 666 2942 δέξαι
695 2859 771 2928 δὲ
797 2858 984 2950 χώρᾳ
1011 2861 1125 2928 καὶ
1152 2859 1386 2947 δόμοις
1414 2857 1747 2944 ἐφέστιον.

480 2957 695 3040 οὕτως
723 2967 891 3051 ἔρως
917 2963 1025 3029 σοὶ
1051 2960 1219 3050 πρὸς
1246 2968 1435 3031 θεῶν
1461 2958 1865 3049 τελεσφόρος

480 3066 743 3151 γένοιτο
772 3069 1070 3150 παίδων,
1100 3061 1347 3144 καύτὸς
1377 3060 1602 3151 ’ὄλβιος
1628 3057 1886 3141 θάνοις.
2162 3077 2263 3132 715

481 3161 743 3254 εὕρημα
771 3161 837 3233 δ’
871 3163 1000 3234 οὐκ
1031 3163 1212 3234 οἷσθ’
1248 3161 1395 3235 οἷον
1418 3162 1715 3255 ηὕρηκας
1742 3162 1928 3234 τόδε·

484 3265 722 3336 παύσω
753 3269 833 3335 δέ
856 3264 919 3335 σ’
954 3264 1096 3336 ὅντ’
1128 3265 1382 3338 ἄπαιδα
1409 3270 1523 3337 καὶ
1554 3273 1818 3338 παίδων
1845 3263 2048 3354 γονὰς

483 3374 760 3457 σπεῖραί
782 3389 858 3437 σε
884 3368 1078 3456 θήσω
1102 3391 1118 3408 ·
1149 3367 1369 3438 τοιάδ’
1409 3369 1561 3438 οἶδα
1592 3370 1930 3458 φάρμακα.

147 3541 154 3546 ,
244 3477 371 3538 ΑΙ.
481 3477 753 3540 πολλῶν
785 3474 967 3540 ἕκατι
996 3468 1200 3557 τήνδε
1229 3495 1339 3540 σοι
1368 3476 1611 3541 δοῦναι
1640 3471 1856 3560 χάριν,

483 3571 721 3660 γύναι,
751 3572 1106 3660 πρόθυμός
1135 3580 1301 3661 εἰμι,
1332 3579 1562 3662 πρῶτα
1590 3573 1713 3660 μὲν
1744 3579 1952 3656 θεῶν,
2162 3585 2269 3640 720
2362 3663 2367 3666 Ι

58 3856 260 3897 Ε·ἾΙΕΙ
335 3856 361 3873 ε·

0 3882 39 3893 “““
437 3882 622 3903 --ά-Ᾰμ
