2534 3917
1123 193 1477 251 ΜΙΙΔΕΙΑ
2167 196 2290 258 205

508 370 752 452 [τοῖσδ’
781 352 872 432 αὖ
899 360 1274 450 προσάντης
1290 383 1303 396 ·
1338 361 1472 449 εἰμὶ
1503 356 1567 429 δ’
1591 361 1715 429 οὐκ
1740 362 1915 448 ἄγαν
1938 368 2168 454 σοφή]
2188 381 2290 436 305

514 464 600 535 σὺ
637 462 702 533 δ’
738 455 829 533 αὖ
859 471 1065 551 φοβεῖ
1089 484 1202 551 με·
1242 463 1331 550 μή
1366 490 1429 531 τι
1460 463 1831 551 πλημμελὲς
1865 465 2124 555 πάθῃς;

522 565 646 654 οὐχ
687 558 811 636 οἷδ’
849 573 980 654 ἔχει
1009 594 1155 654 μοι,
1189 563 1280 654 μὴ
1311 567 1546 656 τρέσῃς
1574 562 1777 653 ἡμᾶς,
1814 569 2057 656 Κρέον,

514 665 674 738 ὥστ’
717 675 810 750 εἰς
838 668 1214 759 τυράννους
1242 664 1495 758 ἄνδρας
1522 669 2018 757 ἐξαμαρτάνειν,

513 779 584 840 τί
612 769 740 861 γὰρ
771 769 858 841 σύ
883 768 954 858 μ’
989 767 1356 858 ἠδίκηκας;
1393 773 1623 852 ἐξέδου
1654 770 1863 860 κόρην

517 870 647 965 ὅτῳ
677 898 753 942 σε
787 871 1010 962 θυμὸς
1035 864 1222 962 ἦγεν.
1253 869 1404 942 ἀλλ’
1438 870 1600 961 ἐμὸν
1628 873 1829 943 πόσιν

513 983 684 1064 μισῶ
704 999 717 1012 ·
752 972 838 1044 σὺ
875 971 967 1063 δ’,
1011 975 1228 1063 οἶμαι,
1263 981 1646 1064 σωφρονῶν
1675 982 1872 1066 ἔδρας
1905 976 2078 1046 τάδε.

515 1079 629 1147 καὶ
659 1085 792 1147 νῦν
818 1076 892 1148 τὸ
923 1077 1049 1165 μὲν
1075 1076 1202 1147 σόν
1235 1074 1319 1146 οὗ
1350 1085 1597 1167 φθονῶ
1627 1085 1845 1158 καλῶς
1875 1086 2066 1166 ἔχειν,

517 1176 917 1270 νυμφεύετ’,
950 1171 1031 1250 εὖ
1058 1179 1448 1270 πράσσοιτε·
1478 1180 1678 1266 τήνδε
1714 1180 1789 1248 δὲ
1820 1181 2038 1268 χθόνιε-ιε

519 1285 670 1352 ἐᾶτέ
692 1279 768 1372 μ’
803 1290 1047 1353 οἰκεῖν·
1085 1283 1200 1352 καὶ
1233 1280 1363 1372 γὰρ
1393 1277 1783 1370 ἠδικημένοι

516 1385 1006 1473 σιγησόμεσθα,
1037 1385 1451 1474 κρεισσόνων
1476 1383 1855 1472 νικώμενοι.

285 1497 416 1559 ΚΡ.
509 1490 723 1575 λέγεις
751 1484 1036 1557 ἀκοῦσαι
1065 1484 1386 1574 μαλθάκ’,
1418 1482 1569 1556 ἀλλ’
1611 1497 1767 1556 εἴσω
1798 1494 2070 1576 qopevcffiv

513 1587 812 1679 ὀρρωδία
839 1618 952 1677 μοι
980 1589 1071 1678 μή
1099 1619 1159 1659 τι
1188 1590 1523 1679 βουλεύῃς
1548 1589 1779 1677 κακόν,

514 1697 769 1784 τοσῷδε
797 1688 864 1761 δ’
897 1683 1109 1779 ἧσσον
1135 1687 1179 1778 ἢ
1207 1691 1417 1779 πάρος
1451 1692 1748 1761 πέποιθά
1780 1712 1915 1761 σοι·

513 1793 689 1882 γυνὴ
724 1793 854 1883 γὰρ
884 1790 1262 1880 ὀξύθυμος,
1298 1789 1386 1873 ιῑῗς
1417 1789 1489 1861 δ’
1521 1791 1740 1872 αὕτως
1768 1789 1959 1882 ἀνήρ,

517 1897 700 1988 ῥᾴων
736 1895 1111 1984 φυλάσσειν
1141 1890 1184 1982 ἦ
1217 1892 1552 1982 σιωπηλὸς
1585 1894 1814 1983 σοφός.

517 1996 665 2068 ἀλλ’
707 1996 879 2081 ἔξιθ’
921 1995 1012 2078 ὥς
1045 1998 1348 2085 τάχιστα,
1383 1996 1473 2086 μὴ
1507 1996 1751 2084 λόγους
1786 1998 1969 2083 λέγε·

514 2098 602 2182 ὦς
630 2098 819 2171 ταῦτ’
860 2098 1101 2191 ἄραρε,
1138 2097 1309 2170 κούκ
1343 2106 1513 2187 ἔχεις
1544 2101 1782 2187 τέχνην
1809 2094 1987 2179 ὅπως

513 2219 736 2292 μενεῖς
765 2199 922 2292 παρ’
962 2199 1124 2291 ἡμῖν
1187 2193 1358 2273 οὖσα
1387 2198 1723 2290 δυσμενὴς
1749 2203 1913 2289 ἐμοί.

283 2313 453 2376 ΜΗ.
517 2306 608 2394 μή
626 2359 644 2394 ,
682 2307 849 2396 πρός
876 2330 952 2375 σε
977 2305 1286 2393 γονάτων
1313 2313 1429 2394 τῆς
1462 2333 1534 2374 τε
1559 2303 1896 2392 νεογάμου
1929 2305 2146 2390 κόρης-

284 2416 418 2477 ΚΡ.
510 2407 753 2495 λόγους
787 2405 1087 2488 άναλοϊς·
1134 2405 1218 2478 οὐ
1247 2407 1374 2498 γὰρ
1410 2403 1541 2477 οὖν
1570 2410 1821 2488 πείσεις
1850 2414 2026 2478 ποτέ.

285 2517 454 2579 ΜΗ.
514 2507 662 2580 ἀλλ’
697 2514 919 2602 ἐξελᾷς
953 2538 1036 2598 με
1069 2506 1320 2579 κούδὲν
1348 2512 1597 2581 αἰδέσει
1629 2508 1845 2591 λιτάς;

284 2620 420 2680 KP.
508 2620 686 2701 φιλῶ
716 2611 845 2702 γάρ
881 2609 964 2681 οὐ
998 2611 1072 2680 σὲ
1099 2618 1355 2699 μᾶλλον
1387 2607 1430 2698 ἦ
1460 2611 1707 2697 δόμους
1738 2608 1955 2696 ἐμούς.

286 2721 453 2781 ΜΗ.
513 2705 566 2780 ὦ
599 2722 868 2804 πατρίς,
901 2710 990 2794 ὥς
1019 2734 1144 2782 σου
1172 2713 1383 2802 κάρτα
1412 2719 1544 2781 νῦν
1569 2718 1808 2800 μνείαν
1837 2716 1983 2796 ἔχω.

284 2823 420 2884 ΚΡ.
509 2814 683 2904 πλὴν
718 2816 846 2908 γὰρ
875 2818 1132 2885 τέκνων
1166 2823 1391 2904 ἔμοιγε
1427 2821 1745 2904 φίλτατον
1776 2811 1983 2892 πόλις.

284 2925 453 2986 ΜΗ.
512 2925 646 3006 φεῦ
683 2927 850 3007 φεῦ,
886 2927 1152 3009 βροτοῖς
1186 2925 1427 3008 ἔρωτες
1459 2914 1548 2996 ὥς
1581 2912 1792 2986 κακὸν
1824 2916 2010 3003 μέγα.

284 3026 420 3088 ΚΡ.
516 3016 696 3101 ὅπως
723 3019 842 3109 ἄν,
882 3021 1099 3110 οἶμαι,
1132 3022 1244 3091 καὶ
1274 3027 1701 3110 παραστῶσιν
1735 3017 1945 3105 τύχαι.

285 3129 456 3190 ΜΗ.
515 3130 685 3211 Ζεῦ,
716 3122 805 3212 μὴ
836 3125 1039 3193 λάθοι
1074 3144 1149 3194 σε
1184 3120 1391 3193 τῶνδ’
1428 3119 1500 3203 ὃς
1535 3133 1741 3201 αἴτιος
1772 3127 2018 3190 κακῶν.

286 3230 420 3291 KP.
511 3223 664 3315 ἕρπ’
705 3218 760 3295 ὦ
787 3233 1065 3314 ματαία,
1102 3234 1221 3295 καί
1247 3224 1320 3314 μ’
1352 3223 1728 3307 ἀπάλλαξον
1754 3223 2002 3292 πόνων.

286 3333 455 3394 ΜΗ.
514 3335 857 3415 πονοῦμεν
885 3325 1073 3416 ἡμεῖς
1105 3324 1230 3396 κού
1262 3328 1493 3396 πόνων
1519 3327 1918 3415 κεχρήμεθα.

293 3433 423 3495 KP.
514 3425 660 3515 τάχ’
702 3432 765 3511 ἐξ
800 3425 1076 3498 ὀπαδῶν
1100 3426 1319 3518 χειρὸς
1355 3425 1649 3514 αἰσθήσει
1678 3434 1812 3517 βίᾳ.

303 3536 456 3597 ΜΗ.
511 3528 602 3617 μὴ
633 3535 800 3618 δῆτα
828 3530 1027 3599 τοῦτό
1060 3528 1154 3617 γ’,
1186 3528 1354 3599 ἀλλά
1381 3527 1444 3598 σ’
1479 3537 1823 3616 αἰτοῦμαι,
1857 3530 2078 3615 Κρέον

2186 2934 2287 2982 331..)

2190 3442 2287 3490 3Ξῦ
