2534 3917
315 141 441 204 36⁶2.

326 2563 463 2624 XO.

1102 138 1528 196 ΤΡΩΙΑΔΕΣ

550 310 625 381 τὸ
659 317 973 380 λοίσθιον
1000 308 1075 378 δὲ
1102 305 1388 395 θριγκὸς
1415 303 1683 376 ἀθλίων
1708 312 1958 392 κακῶν,

550 414 762 500 δούλη
790 408 967 500 γυνὴ
997 416 1208 500 γραῦς
1238 405 1500 478 Ἑλλάδ’
1535 411 1980 496 εἰσαφίξομαι.
2238 426 2336 481 490

484 539 493 548 ·
548 512 592 583 ἃ
621 513 685 583 δ’
718 516 858 584 ἐστὶ
886 513 1059 604 γήρα
1086 508 1247 605 τῶδ’
1289 507 1845 600 ἀσυμφορώτατα,

548 616 811 698 τούτοις
838 643 920 704 με
950 613 1492 704 προσθήσουσιν,
1522 607 1566 701 ἦ
1593 620 1838 703 θυρῶν
1868 612 2105 702 λάτριν

548 721 796 806 κλῇδας
850 716 1255 806 φυλάσσειν,
1291 713 1415 802 τὴν
1441 722 1771 784 τεκοῦσαν
1795 711 2104 803 “Εκτορα,

554 818 593 909 ἢ
622 835 1021 908 σιτοποιεῖν,
1050 815 1179 888 κάν
1205 819 1388 910 πέδῳ
1417 824 1642 898 κοίτας
1671 824 1851 905 ἔχειν

552 928 819 1010 ῥυσοῖσι
845 921 1083 1001 νώτοις
1110 926 1482 1008 βασιλικῶν
1510 924 1583 989 ἐκ
1612 924 1930 1007 δεμνίων,
2237 935 2334 992 495

548 1022 845 1116 τρυχηρὰ
873 1026 1027 1113 περὶ
1054 1020 1392 1148 τρυχηρὸν
1428 1024 1697 1110 εἱμένην
1723 1022 1886 1113 χρόα

552 1130 825 1198 πέπλων
853 1122 1230 1214 λακίσματ’,
1260 1121 1530 1212 ἀδόκιμ’
1564 1121 1817 1213 ὀλβίοις
1843 1131 2039 1211 ἔχειν.

552 1227 653 1299 οἳ’
659 1229 757 1319 γῶ
788 1229 1105 1316 τάλαινα,
1138 1225 1251 1297 δια
1281 1227 1496 1316 γάμον
1527 1232 1682 1315 μιᾶς
1711 1253 1842 1317 αρα

550 1330 871 1421 γυναικὸς
896 1336 1059 1400 οἴων
1088 1337 1326 1417 ἔτυχον
1355 1320 1454 1399 ῶν
1481 1356 1552 1399 τε
1577 1329 1907 1417 τεύξομαι.

554 1462 604 1501 ω
635 1436 907 1519 τέκνον,
939 1425 995 1501 ῶ
1028 1432 1372 1519 σύμβακχε
1402 1431 1770 1522 Κασάνδρα
1795 1440 2007 1517 θεοῖς,
2240 1447 2334 1501 500

554 1539 723 1614 οιαις
753 1541 992 1612 ἔλυσας
1027 1548 1406 1621 συμφοραῖς
1437 1561 1742 1622 αγνευμα
1765 1532 1910 1603 σόν.

550 1635 639 1705 σύ
669 1632 730 1704 τ’
766 1625 821 1704 ῶ
846 1635 1147 1721 τάλαινα,
1180 1640 1315 1704 ποῦ
1344 1631 1495 1704 ποτ’
1529 1634 1609 1723 εἷ,
1639 1637 2026 1723 Πολυξένης

554 1734 643 1818 ῶς
670 1735 827 1808 οὔτε
854 1735 924 1827 μ’
958 1733 1173 1827 ἅρσην
1202 1732 1361 1807 οῦτε
1389 1735 1634 1826 θήλεια
1663 1736 1880 1826 σπορὰ

554 1848 823 1911 πολλῶν
854 1842 1239 1928 γενομένων
1264 1838 1390 1929 τὴν
1418 1840 1741 1910 τάλαιναν
1767 1835 2038 1928 ὠφελεῖ.

554 1951 624 2010 τί
650 1944 821 2030 δῆτά
846 1939 919 2031 μ’
953 1939 1283 2032 ὀρθοῦτ’
1267 1947 1608 2013 ·ἐλπίδων
1635 1949 1850 2014 ποίων
1878 1938 2048 2026 ῦπο;
2150 2012 2155 2015 ,
2240 1960 2335 2014 505

550 2072 743 2133 αγετε
772 2043 892 2116 τὸν
918 2041 1133 2134 ἁβρὸν
1160 2040 1397 2132 δήποτ’
1431 2047 1506 2114 ἐν
1543 2050 1749 2136 Τροίᾳ
1775 2044 1972 2130 πόδα,

552 2153 686 2216 νῦν
716 2143 784 2216 δ’
816 2143 987 2226 ὄντα
1016 2152 1300 2232 δοῦλον,
1331 2146 1612 2235 στιβάδα
1641 2143 1808 2237 πρὸς
1832 2153 2210 2236 χαμαιπετῆ

552 2249 831 2339 πέτρινά
856 2276 929 2318 τε
954 2244 1308 2337 κρήδεμν’,
1339 2243 1429 2326 ῶς
1457 2245 1743 2318 πεσοῦσ’
1777 2245 2167 2337 ἀποφθαρῶ

551 2350 872 2441 δακρύοις
899 2352 1411 2431 καταξανθεῖσα.
1437 2356 1576 2420 τῶν
1603 2347 1670 2420 δ’
1703 2346 2133 2438 εὐδαιμόνων

552 2453 811 2539 μηδένα
844 2447 1133 2539 νομίζετ’
1170 2448 1482 2540 εὐτυχεῖν
1510 2455 1672 2543 πρὶν
1706 2448 1792 2522 ἄν
1817 2452 2021 2543 θάνῃ.
2243 2472 2342 2524 510

551 2550 730 2642 ἀμφί
746 2581 859 2642 μοι
878 2550 1118 2641 Ἴλιον,
1148 2544 1204 2622 ῶ
2059 2579 2209 2644 στρ.

552 2663 835 2745 Μοῦσα,
863 2663 1122 2727 καινῶν
1152 2653 1392 2746 ὕμνων

550 2756 779 2830 ἄεισον
808 2763 881 2830 ἐν
910 2760 1231 2850 δακρύοις

556 2859 741 2951 ᾠδὰν
770 2861 1159 2949 ἐπικήδειον
1177 2884 1191 2898 ·

550 2969 682 3030 νῦν
710 2960 838 3049 γὰρ
870 2966 1066 3051 μέλος
1095 2969 1189 3042 εἰς
1226 2970 1477 3052 Τροίαν
2243 2985 2344 3034 515
2473 2979 2475 2984 ‘

553 3061 824 3149 ἰαχήσω,

550 3164 1039 3253 τετραβάμονος
1068 3161 1158 3244 ῶς
1191 3161 1312 3234 ὑπ’
1350 3161 1610 3252 ἀπήνας

545 3265 867 3355 Ἀργείων
895 3263 1148 3355 ὀλόμαν
1176 3265 1456 3336 τάλαινα
1488 3266 1914 3356 δοριάλωτος,

550 3364 653 3436 ὅτ’
688 3375 922 3438 ἔλιπον
949 3374 1158 3439 ἵππον
1186 3366 1473 3456 οῦράνια

952 3491 1051 3544 511
1074 3491 1274 3544 -530
1295 3509 1379 3537 τε·-
1401 3489 1497 3544 531
1523 3515 1594 3524 --
1611 3491 1717 3545 550
