2534 3917
408 217 535 282 386

414 599 557 662 XO.

431 1711 564 1771 TA.

417 2923 561 2984 ΕΚ.

1174 213 1330 272 ΤΡΩ.
1339 213 1600 272 ΙΑΔΕΣ

648 392 710 456 εἰ
733 389 1079 454 πλουσίων
1105 407 1205 462 τις
1230 381 1529 464 τεύξεται
1558 375 2043 470 κτερισμάτων·

644 484 850 556 κενὸν
876 485 953 554 δὲ
981 480 1286 574 γαύρωμ’
1322 486 1463 554 ἐστὶ
1491 491 1628 553 τῶν
1654 482 1926 568 ζώντων
1954 482 2152 552 τόδε.
2327 499 2419 551 125(

640 587 717 658 ἰῶ
756 585 835 656 ἰώ
852 609 867 624 ·

644 692 844 778 μελέα
877 689 1123 778 μήτηρ,
1158 685 1203 776 ἢ
1228 687 1345 769 τὰς
1371 688 1659 775 μεγάλας

647 795 921 872 ἐλπίδας
948 795 1023 861 ἐν
1050 791 1156 860 σοὶ
1186 791 1564 878 κατέκαμψε
1592 797 1766 877 βίου.

647 895 816 980 μέγα
842 889 911 960 δ’
946 890 1293 980 ὀλβισθεὶς
1316 889 1410 972 ὥς
1440 895 1512 960 ἐκ
1540 894 1847 980 πατέρων

645 991 929 1082 ἀγαθῶν
962 995 1219 1081 ἐγένου,

645 1099 849 1187 δεινῷ
876 1095 1151 1188 θανάτῳ
1180 1093 1526 1175 διόλωλας.
2317 1106 2420 1158 1255

649 1205 725 1266 ἔα
753 1203 827 1266 ἔα
846 1219 859 1232 ·

650 1307 835 1379 τίνας
860 1295 1129 1368 Ἰλιάσιν
1156 1295 1374 1367 ταῖσδ’
1410 1301 1484 1366 ἐν
1514 1311 1843 1387 κορυφαῖς

649 1400 911 1469 λεύσσω
940 1401 1230 1486 φλογέας
1259 1404 1520 1468 δαλοῖσι
1545 1400 1740 1487 χέρας

649 1502 1145 1587 διερέσσοντας;
1178 1500 1404 1586 μέλλει
1440 1507 1648 1591 Τροίᾳ

647 1599 885 1668 καινόν
914 1625 977 1667 τι
1005 1597 1216 1668 κακὸν
1246 1601 1715 1687 προσέσεσθαι.

646 1697 834 1772 αὐδῶ
864 1709 1204 1789 λοχαγοῖς,
1238 1707 1310 1770 οἳ
1334 1701 1605 1788 τέταχθ’
1643 1702 2101 1788 ἐμπιμπράναι
2303 1714 2404 1768 1260

648 1803 964 1894 Πριάμου
991 1800 1133 1873 τόδ’
1170 1799 1372 1890 ἄστυ,
1403 1801 1630 1890 μηκέτ’
1665 1800 2011 1892 ἀργοῦσαν
2040 1800 2272 1888 φλόγα

650 1911 724 1976 ἐν
749 1907 937 1994 χερσὶ
962 1905 1227 1992 σώζειν,
1259 1902 1428 1972 ἀλλὰ
1453 1911 1590 1994 πῦρ
1620 1907 1889 1990 ἐνιέναι,
1937 1919 1944 1926 “

654 2004 743 2087 ῶς
777 2001 864 2076 ἀν
889 2005 1432 2087 κατασκάψαντες
1453 2002 1651 2075 Ἰλίου
1678 2005 1880 2076 πόλιν

648 2105 1058 2195 στελλώμεθ’
1093 2104 1315 2177 οἴκαδ’
1355 2105 1631 2194 ἅσμενοι
1665 2113 1905 2197 Τροίας
1931 2101 2079 2172 ἀπο.

650 2207 842 2296 ὑμεῖς
869 2207 964 2294 δ’,
1001 2205 1094 2278 ἵν’
1128 2205 1331 2288 αὑτὸς
1357 2208 1550 2296 λόγος
1577 2215 1693 2297 ἔχῃ
1719 2204 1983 2297 μορφάς
2011 2204 2159 2292 δύο,
2295 2221 2395 2274 1265

646 2323 921 2399 χωρεῖτε
956 2309 1208 2397 Τρώων
1234 2314 1501 2395 παῖδες,
1537 2305 1787 2396 ὀρθίαν
1814 2305 1975 2378 ὅταν
2443 2367 2445 2378 ,

647 2410 1012 2496 σάλπιγγος
1040 2408 1210 2494 ἠχὴν
1238 2412 1452 2476 δῶσιν
1480 2412 1751 2498 ἀρχηγοὶ
1777 2418 2100 2498 στρατοῦ,
2443 2379 2446 2588 ³

648 2507 816 2599 πρὸς
841 2514 1010 2588 ναῦς
1030 2505 1347 2597 Ἀχαιῶν,
1377 2507 1466 2591 ὥς
1495 2508 1994 2600 ἀποστέλλησθε
2019 2514 2158 2595 γῆς.

649 2610 737 2681 σύ
764 2607 838 2698 τ’,
862 2601 917 2679 ῶ
944 2609 1179 2701 γεραιά
1207 2613 1699 2701 δυστυχεστάτη
1735 2613 1956 2701 γύναι,

654 2717 839 2783 ἕπου.
869 2713 1291 2802 μεθήκουσίν
1317 2710 1382 2784 σ’
1407 2712 1778 2794 Ὀδυσσέως
1808 2714 1988 2802 πάρα
2291 2726 2386 2782 1270

648 2812 807 2902 οἵδ’,
839 2806 894 2907 ᾦ
920 2836 997 2883 σε
1026 2816 1284 2902 δούλην
1310 2823 1552 2906 κλῆρος
1579 2818 1898 2904 ἐκπέμπει
1924 2812 2190 2902 χθονός.

644 2920 713 2983 οἳ
736 2913 858 3002 ’γῶ
890 2915 1167 2986 τάλαινα
1184 2939 1199 2954 ·
1230 2923 1426 2987 τοῦτο
1454 2915 1538 3004 δὴ
1568 2915 1641 2986 τὸ
1671 2924 1978 2988 λοίσθιον

649 3017 762 3082 καὶ
790 3017 995 3102 τέρμα
1028 3017 1302 3087 πάντων
1319 3009 1492 3105 ἦλθε
1519 3024 1656 3086 τῶν
1685 3021 1865 3106 ἐμῶν
1891 3022 2148 3086 κακῶν·

648 3118 852 3203 ἔξειμι
880 3121 1230 3204 πατρίδος,
1263 3118 1454 3198 πόλις
1482 3115 1858 3205 ὑφάπτεται
1890 3125 2076 3206 πυρί.

646 3214 795 3288 ἀλλ’
831 3207 886 3287 a}
911 3217 1139 3306 γεραιὲ
1165 3217 1366 3307 πούς,
1393 3221 1798 3291 ἐπίσπευσον
1827 3220 2036 3308 μόλις,
2285 3235 2384 3291 1275

651 3317 740 3401 ῶς
766 3317 1161 3408 ἀσπάσωμαι
1185 3317 1311 3409 τὴν
1335 3329 1759 3412 ταλαίπωρον
1787 3321 2005 3393 πόλιν.
2425 3322 2430 3324 ’

651 3412 706 3486 ὦ
736 3422 991 3507 μεγάλα
1018 3421 1105 3508 δή
1132 3420 1280 3491 ποτ’
1314 3425 1724 3510 ε’μπρέπουσ’
1758 3426 1835 3491 ἐν
1863 3426 2220 3509 βαρβάροις

656 3526 890 3606 Τροία,
922 3520 997 3588 τὸ
1027 3521 1296 3590 κλεινὸν
1323 3519 1516 3609 ὄνομ’
1551 3522 1911 3611 ἀφαιρήσει
1938 3523 2118 3608 τάχα.
