2534 3917
213 169 220 174 ο
260 213 386 277 206
1088 207 1445 267 ΜΗΔΕΙΑ

272 392 399 454 ΚΡ.
491 380 690 470 ὄχλον
716 379 1055 472 παρέξεις,
1090 375 1179 460 ὥς
1209 386 1464 466 ἔοικας,
1503 369 1558 448 ὦ
1585 377 1809 466 γύναι.

265 494 430 556 ΜΗ.
488 479 909 574 φευξούμεθ’
929 504 945 520 ·
982 478 1067 551 οὐ
1099 477 1303 551 τοῦθ’
1339 481 1644 551 ἱκέτευσα
1673 488 1798 550 σοῦ
1824 495 2073 570 τυχεῖν.

263 597 398 657 KP.
487 595 559 656 τί
588 584 652 655 δ’
685 576 778 655 αὖ
803 585 1014 674 βιάζει
1039 580 1210 654 κούκ
1241 580 1651 654 ἀπαλλάσσει
1678 582 1962 670 χθονός;

263 698 431 761 MH.
488 695 653 778 μίαν
686 716 769 776 με
797 704 1023 776 μεῖναι
1047 683 1240 774 τήνδ’
1276 693 1476 757 ἔασον
1509 683 1767 779 ἡμέραν
2175 688 2285 758 346

496 793 612 860 καὶ
643 793 1063 882 ξυμπερᾶναι
1094 787 1409 882 φροντίδ’
1440 779 1487 879 ᾖ
1514 787 1973 879 φευξούμεθα,

500 900 734 964 παισίν
760 890 827 963 τ’
869 889 1185 982 ἀφορμὴν
1213 906 1353 972 τοῖς
1381 895 1593 980 ἐμοῖς,
1625 893 1771 961 ἐπεὶ
1797 889 2015 982 πατὴρ

499 992 706 1065 οὐδὲν
734 1000 1024 1086 προτιμᾷ
1051 994 1564 1083 μηχανήσασθαι
1590 997 1865 1073 τέκνοις.

375 1143 378 1148 -
495 1109 781 1188 οἴκτειρε
814 1094 877 1167 δ’
915 1093 1196 1177 αὐτούς·
1236 1099 1351 1166 καὶ
1380 1093 1471 1166 σύ
1496 1124 1596 1166 τοι
1625 1101 1889 1166 παίδων
1919 1094 2133 1186 πατὴρ

496 1203 835 1287 πέφυκας·
876 1197 1054 1280 εἰκὸς
1083 1196 1149 1268 δ’
1189 1201 1374 1269 ἐστὶν
1410 1196 1686 1270 εῦνοιοὶν
1717 1196 1783 1268 ο·’
1820 1205 2015 1285 ἔχειν.
2173 1214 2278 1270 345

493 1300 748 1392 τούμοῦ
776 1302 905 1394 γὰρ
933 1298 1018 1372 οῦ
1043 1330 1154 1390 μοι
1183 1309 1497 1392 φροντίς,
1530 1309 1595 1371 εἰ
1616 1300 2070 1391 φευξούμεθα,

497 1413 769 1484 κείνους
800 1405 875 1474 δὲ
901 1411 1111 1474 κλαίω
1142 1411 1463 1495 συμφορᾷ
1489 1406 1958 1494 κεχρημένους.

268 1516 398 1576 KP.
489 1504 727 1595 ἥκιστα
756 1503 1010 1594 τούμὸν
1044 1503 1198 1592 λῆμ’
1235 1512 1369 1592 ἔφυ
1397 1505 1828 1593 τυραννικόν,

497 1607 899 1697 αἰδούμενος
927 1608 1004 1678 δὲ
1033 1605 1247 1676 πολλὰ
1276 1606 1360 1696 δὴ
1392 1611 1760 1700 διέφθορα·

496 1714 608 1782 καὶ
637 1718 772 1782 νῦν
799 1707 937 1801 ὁρῶ
966 1709 1092 1799 μὲν
1119 1709 1610 1800 ἐξαμαρτάνων,
1641 1711 1868 1799 γύναι,
2174 1727 2278 1781 350

495 1811 674 1902 ὅμως
711 1814 788 1884 δὲ
815 1813 1032 1897 τεύξει
1057 1818 1261 1883 τοῦδε
1280 1837 1294 1851 ·
1328 1816 1729 1904 προυννέπω
1762 1816 1843 1882 δέ
1864 1834 1990 1902 σοι,

497 1927 564 1986 εί
584 1912 651 1986 σ’
685 1913 728 2005 ἡ
762 1913 1033 1987 ’πιοῦσα
1061 1914 1323 2004 λαμπὰς
1350 1912 1584 1999 ὄψεται
1613 1923 1786 1987 θεοῦ

493 2023 606 2088 καὶ
635 2024 878 2101 παῖδας
907 2017 1094 2100 ἐντὸς
1119 2025 1323 2107 τῆσδε
1349 2019 1695 2110 τερμόνων
1721 2015 1992 2107 χθονός,

497 2133 731 2192 θανεῖ·
767 2125 1070 2191 λέλεκται
1099 2128 1323 2209 μῦθος
1352 2120 1652 2211 ἀψευδὴς
1687 2117 1826 2192 ὅδε.

267 2234 406 2294 ΧΟ.
491 2224 782 2294 δύστανε
809 2223 1035 2312 γύναι,
2170 2239 2274 2294 357

497 2335 631 2414 φεῦ
661 2332 829 2415 φεῦ,
859 2327 1062 2414 μελέα
1088 2332 1226 2395 τῶν
1260 2334 1403 2395 σῶν
1430 2324 1663 2415 ἀχέων.

495 2444 612 2498 ποῑ
638 2454 798 2498 ποτε
827 2430 1090 2518 τρέψεις
1115 2435 1268 2498 τίνα
1297 2432 1657 2520 προξενίαν

490 2527 535 2619 ἢ
563 2528 775 2618 δόμον
806 2526 851 2620 ἦ
877 2529 1097 2619 χθόνα
1125 2539 1393 2622 σωτῆρα
1420 2539 1649 2602 κακῶν
2173 2549 2278 2604 360

496 2633 908 2723 ἐξευρήσεις,

491 2733 581 2818 ὥς
612 2744 706 2818 είς
734 2735 992 2828 ἄπορόν
1025 2759 1101 2806 σε
1127 2738 1443 2808 κλύδωνα
1472 2737 1652 2824 θεός,

494 2841 804 2927 Μήδεια,
835 2846 1065 2909 κακῶν
1097 2839 1439 2932 ἐπόρευσε.

263 2945 432 3007 ΜΗ.
488 2949 710 3021 κακῶς
736 2944 1108 3031 πέπρακται
1144 2949 1475 3033 πανταχῇ·
1505 2951 1604 3024 τίς
1633 2939 1929 3033 ἀντερεῖς

496 3035 645 3110 ἀλλ’
680 3039 831 3112 οῦτι
863 3042 1072 3132 ταύτῃ
1099 3051 1343 3131 ταῦτα,
1371 3043 1462 3133 μὴ
1493 3048 1755 3116 δοκεῖτέ
1779 3072 1903 3115 πω.
2171 3059 2275 3114 365

489 3142 584 3213 ἔτ’
627 3142 754 3214 εἰ’σ’
788 3141 1047 3233 ἀγῶνες
1075 3160 1214 3225 τοῖς
1240 3141 1486 3216 νεωστὶ
1512 3156 1837 3238 νυμφίοις

487 3250 603 3318 καὶ
634 3263 806 3317 τοῖσι
833 3246 1244 3335 κηδεύσασιν
1273 3244 1357 3318 οὐ
1393 3253 1662 3340 σμικροὶ
1691 3250 1909 3322 πόνοι.

463 3487 570 3540 νῦν
607 3482 686 3556 δ’,
726 3485 779 3542 εἰ
807 3485 998 3558 μένειν
1035 3491 1159 3559 δεῖ,
1197 3487 1359 3561 μίμν’
1400 3487 1501 3559 ἐφ’
1540 3489 1755 3563 ἡμέραν
1792 3493 1964 3561 μίαν·
2171 3493 2273 3546 355

465 3563 534 3624 οῦ
567 3567 673 3640 γάρ
709 3591 763 3624 τι
801 3568 1040 3641 δράσαις
1064 3569 1259 3629 δεινὸν
1296 3564 1375 3628 ὦν
1413 3572 1593 3647 φόβος
1630 3570 1699 3644 μ’
1736 3573 1866 3644 ἔχει.
