2534 3917
663 188 1127 289 IQIPENIJJIA
1169 188 1239 245 H
1277 188 1398 245 EN
1434 186 1748 245 AYAIAI
2180 182 2220 245 5

439 352 804 439 ξυνίσταθ’
826 407 846 444 ,
877 352 1060 437 ὅστις
1087 353 1177 444 μὴ
1206 353 1403 443 λάβοι
1431 352 1557 442 τὴν
1588 356 1961 446 παρθένον.

415 458 516 533 ,τὸ
545 464 823 550 πρᾶγμα
851 454 918 528 δ’
955 454 1225 549 ἀπόρως
1255 456 1390 545 εἶχε
1432 455 1798 549 Τυνδάρεῳ
1828 462 2051 549 πατρί’,
2160 476 2225 529 55

441 568 696 631 δοῦναί
717 587 790 630 τε
816 558 907 648 μὴ
938 564 1189 629 δοῦναί
1208 586 1314 647 τε,
1344 566 1459 649 τῆς
1490 558 1693 647 τύχης
1725 555 1907 641 ὅπως

441 659 680 746 ἅψαιτ’
716 660 1092 753 ἅθραυστα.
1123 668 1243 731 καί
1264 691 1379 733 νιν
1407 667 1727 749 εἰσῆλθεν
1754 660 1937 751 τάδε,

443 763 694 855 ὅρκους
721 762 1021 847 συνάψαι
1049 762 1271 847 δεξιάς
1296 793 1367 834 τε
1395 771 1768 853 συμβαλεῖν

442 873 827 960 μνηστῆρας
854 862 1200 955 άλλήλοισι
1226 868 1341 937 καὶ
1371 862 1463 937 δι’
1496 865 1819 958 ἐμπύρων

442 967 740 1050 σπονδὰς
768 979 1087 1039 καθεῖναι
1115 965 1637 1059 κάπαράσασθαι
1667 966 1849 1054 τάδε,
2158 982 2229 1038 60

445 1068 609 1141 ὅτου
637 1068 813 1160 γυνὴ
841 1074 1104 1159 γένοιτο
1141 1072 1481 1159 Τυνδαρὶς
1506 1069 1698 1162 κόρη,

443 1173 665 1265 τούτῳ
694 1188 1152 1261 συναμυνεῖν,
1183 1183 1253 1243 εἴ
1274 1200 1372 1253 τις
1400 1176 1474 1242 ἐκ
1501 1172 1733 1263 δόμων
1761 1169 1993 1260 λαβὼν

443 1287 692 1363 οἴχοιτο
721 1274 842 1346 τόν
867 1272 930 1345 τ’
964 1272 1181 1363 ἔχοντ’
1213 1271 1529 1363 ἀπωθοίη
1558 1278 1815 1363 λέχους,

441 1376 1045 1469 κάπιστρατεύσειν
1071 1380 1184 1448 καὶ
1211 1376 1669 1460 κατασκάψειν
1697 1376 1897 1447 πόλιν

419 1474 703 1569 ”Ελλην’
737 1478 986 1569 ὁμοίως
1014 1478 1364 1570 βάρβαρόν
1392 1477 1469 1549 θ’
1503 1476 1736 1550 ὅπλων
1762 1480 1946 1567 μέτα.
2157 1495 2225 1550 65

443 1584 589 1653 ἐπεὶ
618 1580 685 1652 δ’
717 1581 1190 1670 ἐπιστώθησαν
1217 1585 1551 1671 ἐμπέδως,
1580 1585 1802 1673 γέρων

443 1682 761 1775 ὑπῆλθεν
787 1681 1038 1765 αὐτοὺς
1076 1685 1479 1775 Τυνδάρεως
1506 1692 1734 1775 πυκνῇ
1763 1690 1989 1774 φρενί,

445 1785 683 1869 διδούς
711 1790 986 1858 ἑλέσθαι
1016 1790 1315 1878 θυγατρὶ
1341 1786 1745 1878 μνηστήρων
1775 1790 1918 1872 ἕνα,

445 1888 607 1962 ὅτου
637 1894 839 1960 πνοαὶ
867 1890 1144 1979 φέροιεν
1166 1885 1567 1982 Ἀφροδίτης
1596 1896 1810 1979 φίλαι.

447 1988 492 2083 ἢ
523 1990 586 2062 δ’
623 1990 865 2081 εἵλεθ’,
896 1987 969 2071 ὅς
997 2011 1130 2079 σφε
1156 1988 1399 2080 μήποτ’
1435 1988 1701 2080 ὤφελεν
1728 1996 1983 2077 λαβεῖν,
2157 2005 2227 2061 70

444 2098 826 2165 Μενέλαον.
857 2088 1086 2164 ε’λθοὶν
1113 2090 1180 2163 δ’
1213 2098 1288 2165 ἐκ
1321 2098 1619 2184 Φρυγῶν
1650 2086 1687 2161 ὁ
1719 2088 1835 2173 τὰς
1861 2090 2029 2173 θεὰς

445 2206 704 2287 κρίνων
733 2192 867 2286 ὅδ’,
899 2190 990 2275 ὥς
1019 2190 1056 2263 ὃ
1085 2203 1309 2283 μῦθος
1329 2192 1655 2288 ’Λργείων
1683 2200 1838 2282 ἔχει,

443 2296 929 2388 Λακεδαίμον’
960 2293 1265 2389 ἀνθηρὸς
1289 2298 1415 2387 μὲν
1446 2295 1736 2387 ειμάτων
1762 2305 1965 2387 στολῇ

443 2409 674 2496 χρυσω
700 2430 773 2472 τε
801 2396 1104 2491 λαμπρὸς
1129 2400 1452 2493 βαρβάρῳ
1479 2398 1852 2489 χλιδήματι,

443 2510 622 2593 ἐρων
649 2509 912 2594 ε’ρωσαν
939 2496 1132 2600 ωχετ’
1164 2506 1621 2594 ἐξαναρπάσας
2160 2518 2227 2573 75

434 2605 712 2695 Ἑλένην
741 2606 906 2699 πρὸς
925 2608 1107 2695 Ἴδης
1133 2605 1543 2695 βούσταθμ’,
1576 2610 1869 2693 ἔκδημον
1894 2602 2125 2692 λαβὼν

444 2712 841 2780 Μενέλαον·
873 2705 912 2781 ὃ
943 2708 1018 2783 δὲ
1045 2708 1212 2779 καθ’
1238 2706 1503 2779 Ἑλλάδ’
1550 2707 1903 2797 οἰστρήσας
1933 2705 2163 2799 δρόμῳ

445 2808 694 2902 ὅρκους
721 2809 1046 2891 παλαιοὺς
1084 2811 1448 2902 Τυνδάρεω
1476 2807 1903 2902 μαρτύρεται,

447 2911 539 2995 ὡς
565 2913 690 3004 χρὴ
717 2922 1006 3003 βοηθεῖν
1035 2930 1250 2985 τοῖσιν
1276 2910 1723 3005 ἠδικημένοις.

446 3012 867 3087 τούντεῦθεν
882 3008 1011 3087 οὖν
1034 3010 1351 3105 Ἕλληνες
1378 3012 1651 3109 ᾄξαντες
1679 3022 1851 3106 δορί,
2158 3029 2229 3083 80

444 3120 648 3209 τεύχη
677 3118 999 3207 λαβόντες
1025 3116 1383 3211 στενόπορ’
1414 3116 1716 3199 Αὐλίδος
1741 3118 1973 3208 βάθρα

444 3218 690 3311 ἥκουσι
717 3226 956 3311 τῆσδε,
986 3224 1233 3292 ναυσὶν
1259 3219 1540 3293 ἀσπίσιν
1566 3218 1645 3289 θ’
1678 3218 1854 3309 ὁμοῦ

449 3330 676 3406 ἵπποις
701 3351 775 3394 τε
803 3333 1076 3403 πολλοῖς
1105 3320 1398 3413 ἅρμασίν
1424 3320 1488 3393 τ’
1519 3318 1903 3412 ἠσκημένοι.

450 3423 621 3515 κάμὲ
648 3442 1046 3517 στρατηγεῖν
1103 3432 1272 3517 δῆτα
1318 3427 1640 3495 Μενέλεω
1669 3424 1869 3514 χάριν

453 3534 743 3619 εἴλοντο,
772 3528 1115 3617 σύγγονόν
1137 3555 1237 3620 γε.
1273 3521 1671 3613 τάξίωμαδὲ
2154 3538 2227 3593 85
