<?xml version="1.0" encoding="UTF-8"?>
<!DOCTYPE html PUBLIC "-//W3C//DTD XHTML 1.0 Transitional//EN"
    "http://www.w3.org/TR/xhtml1/DTD/xhtml1-transitional.dtd">
<html xmlns="http://www.w3.org/1999/xhtml" xml:lang="en" lang="en">
 <head>
  <title>
</title>
<meta http-equiv="Content-Type" content="text/html;charset=utf-8" />
  <meta name='ocr-system' content='tesseract 3.04.00' />
  <meta name='ocr-capabilities' content='ocr_page ocr_carea ocr_par ocr_line ocrx_word'/>
</head>
<body>
  <div class='ocr_page' id='page_1' title='image "./evripidistragoe04eurigoog_0414.png"; bbox 0 0 2534 3917; ppageno 0'>
   <div class='ocr_carea' id='block_1_1' title="bbox 1040 188 2228 253">
    <p class='ocr_par' dir='ltr' id='par_1_1' title="bbox 1040 188 2228 253">
     <span class='ocr_line' id='line_1_1' title="bbox 1040 188 2228 253; baseline 0.007 -8"><span class='ocrx_word' id='word_1_1' title='bbox 1040 188 1468 247; x_wconf 74' lang='grc' dir='ltr'><em>ΤΡΩΙΑΔΕΣ</em></span> <span class='ocrx_word' id='word_1_2' title='bbox 2109 188 2228 253; x_wconf 81' lang='grc'><strong><em>347</em></strong></span> 
     </span>
    </p>
   </div>
   <div class='ocr_carea' id='block_1_2' title="bbox 439 352 2237 2275">
    <p class='ocr_par' dir='ltr' id='par_1_2' title="bbox 456 352 1727 446">
     <span class='ocr_line' id='line_1_2' title="bbox 456 352 1727 446; baseline 0 -21"><span class='ocrx_word' id='word_1_3' title='bbox 456 358 586 445; x_wconf 75' lang='grc' dir='ltr'><strong><em>ἐγὼ</em></strong></span> <span class='ocrx_word' id='word_1_4' title='bbox 623 358 733 444; x_wconf 86' lang='grc' dir='ltr'><strong><em>δέ,</em></strong></span> <span class='ocrx_word' id='word_1_5' title='bbox 763 360 1052 443; x_wconf 77' lang='grc' dir='ltr'><strong><em>νικῶμαι</em></strong></span> <span class='ocrx_word' id='word_1_6' title='bbox 1077 354 1206 445; x_wconf 77' lang='grc' dir='ltr'><strong><em>γὰρ</em></strong></span> <span class='ocrx_word' id='word_1_7' title='bbox 1230 352 1532 446; x_wconf 75' lang='grc' dir='ltr'><strong><em>Ἀργείας</em></strong></span> <span class='ocrx_word' id='word_1_8' title='bbox 1560 362 1727 437; x_wconf 78' lang='grc' dir='ltr'><strong><em>θεᾶς</em></strong></span> 
     </span>
    </p>

    <p class='ocr_par' dir='ltr' id='par_1_3' title="bbox 439 453 1927 547">
     <span class='ocr_line' id='line_1_3' title="bbox 439 453 1927 547; baseline -0.001 -21"><span class='ocrx_word' id='word_1_9' title='bbox 439 454 651 546; x_wconf 65' lang='grc' dir='ltr'><strong><em>’Ἠρας</em></strong></span> <span class='ocrx_word' id='word_1_10' title='bbox 678 454 970 537; x_wconf 78' lang='grc' dir='ltr'><strong><em>Ἀθάνας</em></strong></span> <span class='ocrx_word' id='word_1_11' title='bbox 995 453 1086 545; x_wconf 88' lang='grc' dir='ltr'><strong><em>θ’,</em></strong></span> <span class='ocrx_word' id='word_1_12' title='bbox 1117 465 1192 526; x_wconf 79' lang='grc' dir='ltr'><strong><em>αἳ</em></strong></span> <span class='ocrx_word' id='word_1_13' title='bbox 1219 459 1604 539; x_wconf 78' lang='grc' dir='ltr'><strong><em>συνεξεῖλον</em></strong></span> <span class='ocrx_word' id='word_1_14' title='bbox 1634 457 1927 547; x_wconf 80' lang='grc' dir='ltr'><strong><em>Φρύγας,</em></strong></span> 
     </span>
    </p>

    <p class='ocr_par' dir='ltr' id='par_1_4' title="bbox 454 555 2230 751">
     <span class='ocr_line' id='line_1_4' title="bbox 455 555 2230 647; baseline 0.001 -20"><span class='ocrx_word' id='word_1_15' title='bbox 455 566 664 629; x_wconf 89' lang='grc' dir='ltr'><strong><em>λείπω</em></strong></span> <span class='ocrx_word' id='word_1_16' title='bbox 699 557 772 628; x_wconf 86' lang='grc' dir='ltr'><strong><em>τὸ</em></strong></span> <span class='ocrx_word' id='word_1_17' title='bbox 803 556 1291 629; x_wconf 84' lang='grc' dir='ltr'><strong><em>κλεινὸνἼλιον</em></strong></span> <span class='ocrx_word' id='word_1_18' title='bbox 1315 558 1586 647; x_wconf 83' lang='grc' dir='ltr'><strong><em>βωμούς</em></strong></span> <span class='ocrx_word' id='word_1_19' title='bbox 1616 555 1677 628; x_wconf 91' lang='grc' dir='ltr'><strong><em>τ’</em></strong></span> <span class='ocrx_word' id='word_1_20' title='bbox 1708 558 1939 646; x_wconf 74' lang='grc' dir='ltr'><strong><em>ἐμούς·</em></strong></span> <span class='ocrx_word' id='word_1_21' title='bbox 2166 578 2230 629; x_wconf 76' lang='grc'><strong><em>25</em></strong></span> 
     </span>
     <span class='ocr_line' id='line_1_5' title="bbox 454 656 1687 751; baseline 0 -22"><span class='ocrx_word' id='word_1_22' title='bbox 454 662 694 750; x_wconf 80' lang='grc' dir='ltr'><strong><em>ἐρημία</em></strong></span> <span class='ocrx_word' id='word_1_23' title='bbox 719 659 847 751; x_wconf 79' lang='grc' dir='ltr'><strong><em>γὰρ</em></strong></span> <span class='ocrx_word' id='word_1_24' title='bbox 878 660 1074 729; x_wconf 89' lang='grc' dir='ltr'><strong><em>πόλιν</em></strong></span> <span class='ocrx_word' id='word_1_25' title='bbox 1101 656 1266 729; x_wconf 81' lang='grc' dir='ltr'><strong><em>ὅταν</em></strong></span> <span class='ocrx_word' id='word_1_26' title='bbox 1294 660 1465 750; x_wconf 80' lang='grc' dir='ltr'><strong><em>λάβῃ</em></strong></span> <span class='ocrx_word' id='word_1_27' title='bbox 1495 660 1687 747; x_wconf 84' lang='grc' dir='ltr'><strong><em>κακή,</em></strong></span> 
     </span>
    </p>

    <p class='ocr_par' dir='ltr' id='par_1_5' title="bbox 458 758 1903 850">
     <span class='ocr_line' id='line_1_6' title="bbox 458 758 1903 850; baseline 0 -21"><span class='ocrx_word' id='word_1_28' title='bbox 458 777 650 831; x_wconf 90' lang='grc' dir='ltr'><strong><em>νοσεῖ</em></strong></span> <span class='ocrx_word' id='word_1_29' title='bbox 673 760 754 830; x_wconf 76' lang='grc' dir='ltr'><strong><em>τὰ</em></strong></span> <span class='ocrx_word' id='word_1_30' title='bbox 781 768 917 831; x_wconf 76' lang='grc' dir='ltr'><strong><em>τῶν</em></strong></span> <span class='ocrx_word' id='word_1_31' title='bbox 945 767 1132 831; x_wconf 74' lang='grc' dir='ltr'><strong><em>θεῶν</em></strong></span> <span class='ocrx_word' id='word_1_32' title='bbox 1157 758 1320 831; x_wconf 70' lang='grc' dir='ltr'><strong><em>οὐδὲ</em></strong></span> <span class='ocrx_word' id='word_1_33' title='bbox 1345 768 1665 850; x_wconf 82' lang='grc' dir='ltr'><strong><em>τιμᾶσθαι</em></strong></span> <span class='ocrx_word' id='word_1_34' title='bbox 1694 764 1903 831; x_wconf 88' lang='grc' dir='ltr'><strong><em>θέλει.</em></strong></span> 
     </span>
    </p>

    <p class='ocr_par' dir='ltr' id='par_1_6' title="bbox 457 862 1794 951">
     <span class='ocr_line' id='line_1_7' title="bbox 457 862 1794 951; baseline 0 -19"><span class='ocrx_word' id='word_1_35' title='bbox 457 872 725 943; x_wconf 86' lang='grc' dir='ltr'><strong><em>πολλοῖς</em></strong></span> <span class='ocrx_word' id='word_1_36' title='bbox 754 862 830 932; x_wconf 76' lang='grc' dir='ltr'><strong><em>δὲ</em></strong></span> <span class='ocrx_word' id='word_1_37' title='bbox 855 878 1259 933; x_wconf 72' lang='grc' dir='ltr'><strong><em>κωκυτοῖσιν</em></strong></span> <span class='ocrx_word' id='word_1_38' title='bbox 1290 866 1794 951; x_wconf 74' lang='grc' dir='ltr'><strong><em>αἰχμαλωτίδων</em></strong></span> 
     </span>
    </p>

    <p class='ocr_par' dir='ltr' id='par_1_7' title="bbox 464 964 1944 1055">
     <span class='ocr_line' id='line_1_8' title="bbox 464 964 1944 1055; baseline -0.002 -20"><span class='ocrx_word' id='word_1_39' title='bbox 464 972 590 1055; x_wconf 78' lang='grc' dir='ltr'><strong><em>βοᾷ</em></strong></span> <span class='ocrx_word' id='word_1_40' title='bbox 617 964 1063 1055; x_wconf 79' lang='grc' dir='ltr'><strong><em>Σκάμανδρος</em></strong></span> <span class='ocrx_word' id='word_1_41' title='bbox 1091 964 1417 1045; x_wconf 75' lang='grc' dir='ltr'><strong><em>δεσπότας</em></strong></span> <span class='ocrx_word' id='word_1_42' title='bbox 1444 966 1944 1055; x_wconf 81' lang='grc' dir='ltr'><strong><em>κληρουμένων.</em></strong></span> 
     </span>
    </p>

    <p class='ocr_par' dir='ltr' id='par_1_8' title="bbox 459 1062 2234 1257">
     <span class='ocr_line' id='line_1_9' title="bbox 459 1062 2234 1156; baseline -0.001 -21"><span class='ocrx_word' id='word_1_43' title='bbox 459 1069 571 1135; x_wconf 86' lang='grc' dir='ltr'><strong><em>καὶ</em></strong></span> <span class='ocrx_word' id='word_1_44' title='bbox 599 1065 716 1146; x_wconf 73' lang='grc' dir='ltr'><strong><em>τὰς</em></strong></span> <span class='ocrx_word' id='word_1_45' title='bbox 741 1066 865 1153; x_wconf 72' lang='grc' dir='ltr'><strong><em>μὲν</em></strong></span> <span class='ocrx_word' id='word_1_46' title='bbox 896 1062 1166 1156; x_wconf 75' lang='grc' dir='ltr'><strong><em>Ἀρκάς,</em></strong></span> <span class='ocrx_word' id='word_1_47' title='bbox 1201 1064 1317 1147; x_wconf 78' lang='grc' dir='ltr'><strong><em>τὰς</em></strong></span> <span class='ocrx_word' id='word_1_48' title='bbox 1345 1067 1421 1135; x_wconf 73' lang='grc' dir='ltr'><strong><em>δὲ</em></strong></span> <span class='ocrx_word' id='word_1_49' title='bbox 1448 1065 1785 1146; x_wconf 82' lang='grc' dir='ltr'><strong><em>Θεσσαλὸς</em></strong></span> <span class='ocrx_word' id='word_1_50' title='bbox 1811 1064 1979 1145; x_wconf 70' lang='grc' dir='ltr'><strong><em>λεὼς</em></strong></span> <span class='ocrx_word' id='word_1_51' title='bbox 2165 1082 2234 1135; x_wconf 84' lang='lat'><strong><em>30</em></strong></span> 
     </span>
     <span class='ocr_line' id='line_1_10' title="bbox 463 1165 1897 1257; baseline -0.001 -22"><span class='ocrx_word' id='word_1_52' title='bbox 463 1165 668 1255; x_wconf 78' lang='grc' dir='ltr'><strong><em>εἴληχ’</em></strong></span> <span class='ocrx_word' id='word_1_53' title='bbox 696 1165 1081 1256; x_wconf 79' lang='grc' dir='ltr'><strong><em>Ἀθηναίων</em></strong></span> <span class='ocrx_word' id='word_1_54' title='bbox 1108 1194 1179 1239; x_wconf 84' lang='grc' dir='ltr'><strong><em>τε</em></strong></span> <span class='ocrx_word' id='word_1_55' title='bbox 1213 1173 1532 1255; x_wconf 83' lang='grc' dir='ltr'><strong><em>Θησεῖδαι</em></strong></span> <span class='ocrx_word' id='word_1_56' title='bbox 1558 1168 1822 1257; x_wconf 81' lang='grc' dir='ltr'><strong><em>πρόμοι.</em></strong></span> <span class='ocrx_word' id='word_1_57' title='bbox 1892 1184 1897 1189; x_wconf 84' lang='grc'><em>“</em></span> 
     </span>
    </p>

    <p class='ocr_par' dir='ltr' id='par_1_9' title="bbox 461 1266 1896 1361">
     <span class='ocr_line' id='line_1_11' title="bbox 461 1266 1896 1361; baseline -0.001 -23"><span class='ocrx_word' id='word_1_58' title='bbox 461 1267 611 1338; x_wconf 79' lang='grc' dir='ltr'><strong><em>ὅσαι</em></strong></span> <span class='ocrx_word' id='word_1_59' title='bbox 640 1267 706 1338; x_wconf 87' lang='grc' dir='ltr'><strong><em>δ’</em></strong></span> <span class='ocrx_word' id='word_1_60' title='bbox 747 1266 1026 1359; x_wconf 72' lang='grc' dir='ltr'><strong><em>ἄκληροι</em></strong></span> <span class='ocrx_word' id='word_1_61' title='bbox 1061 1268 1436 1361; x_wconf 74' lang='grc' dir='ltr'><strong><em>Τρῳάδων,</em></strong></span> <span class='ocrx_word' id='word_1_62' title='bbox 1470 1266 1603 1339; x_wconf 79' lang='grc' dir='ltr'><strong><em>ὑπὸ</em></strong></span> <span class='ocrx_word' id='word_1_63' title='bbox 1634 1271 1896 1355; x_wconf 84' lang='grc' dir='ltr'><strong><em>στέγαις</em></strong></span> 
     </span>
    </p>

    <p class='ocr_par' dir='ltr' id='par_1_10' title="bbox 457 1368 1819 1460">
     <span class='ocr_line' id='line_1_12' title="bbox 457 1368 1819 1460; baseline -0.001 -21"><span class='ocrx_word' id='word_1_64' title='bbox 457 1368 674 1441; x_wconf 83' lang='grc' dir='ltr'><strong><em>ταῖσδ’</em></strong></span> <span class='ocrx_word' id='word_1_65' title='bbox 711 1373 842 1441; x_wconf 79' lang='grc' dir='ltr'><strong><em>εἰσὶ</em></strong></span> <span class='ocrx_word' id='word_1_66' title='bbox 867 1385 1004 1450; x_wconf 86' lang='grc' dir='ltr'><strong><em>τοῖς</em></strong></span> <span class='ocrx_word' id='word_1_67' title='bbox 1033 1371 1397 1459; x_wconf 76' lang='grc' dir='ltr'><strong><em>πρώτοισιν</em></strong></span> <span class='ocrx_word' id='word_1_68' title='bbox 1424 1373 1819 1460; x_wconf 81' lang='grc' dir='ltr'><strong><em>ἐξῃρημέναι</em></strong></span> 
     </span>
    </p>

    <p class='ocr_par' dir='ltr' id='par_1_11' title="bbox 451 1468 2229 1867">
     <span class='ocr_line' id='line_1_13' title="bbox 463 1468 2094 1562; baseline -0.002 -21"><span class='ocrx_word' id='word_1_69' title='bbox 463 1480 752 1562; x_wconf 83' lang='grc' dir='ltr'><strong><em>στρατοῦ</em></strong></span> <span class='ocrx_word' id='word_1_70' title='bbox 772 1524 790 1559; x_wconf 89' lang='grc'><strong><em>,</em></strong></span> <span class='ocrx_word' id='word_1_71' title='bbox 827 1470 960 1542; x_wconf 75' lang='grc' dir='ltr'><strong><em>σὺν</em></strong></span> <span class='ocrx_word' id='word_1_72' title='bbox 985 1468 1219 1553; x_wconf 78' lang='grc' dir='ltr'><strong><em>αὐταῖς</em></strong></span> <span class='ocrx_word' id='word_1_73' title='bbox 1245 1469 1313 1541; x_wconf 86' lang='grc' dir='ltr'><strong><em>δ’</em></strong></span> <span class='ocrx_word' id='word_1_74' title='bbox 1348 1468 1390 1559; x_wconf 79' lang='grc' dir='ltr'>ἡ</span> <span class='ocrx_word' id='word_1_75' title='bbox 1416 1472 1720 1542; x_wconf 77' lang='grc' dir='ltr'><strong><em>Λάκαινα</em></strong></span> <span class='ocrx_word' id='word_1_76' title='bbox 1758 1472 2094 1559; x_wconf 81' lang='grc' dir='ltr'><strong><em>Τυνδαρὶς</em></strong></span> 
     </span>
     <span class='ocr_line' id='line_1_14' title="bbox 451 1570 2229 1662; baseline -0.003 -19"><span class='ocrx_word' id='word_1_77' title='bbox 451 1571 714 1662; x_wconf 80' lang='grc' dir='ltr'><strong><em>Ἑλένη,</em></strong></span> <span class='ocrx_word' id='word_1_78' title='bbox 742 1570 1120 1662; x_wconf 88' lang='grc' dir='ltr'><strong><em>νομισθεῖσ’</em></strong></span> <span class='ocrx_word' id='word_1_79' title='bbox 1156 1574 1563 1661; x_wconf 84' lang='grc' dir='ltr'><strong><em>αἰχμάλωτος</em></strong></span> <span class='ocrx_word' id='word_1_80' title='bbox 1591 1576 1889 1653; x_wconf 80' lang='grc' dir='ltr'><strong><em>ἐνδίκως.</em></strong></span> <span class='ocrx_word' id='word_1_81' title='bbox 2166 1586 2229 1640; x_wconf 81' lang='lat'><strong><em>35</em></strong></span> 
     </span>
     <span class='ocr_line' id='line_1_15' title="bbox 459 1673 1943 1766; baseline -0.001 -21"><span class='ocrx_word' id='word_1_82' title='bbox 459 1676 583 1763; x_wconf 89' lang='grc' dir='ltr'><strong><em>τὴν</em></strong></span> <span class='ocrx_word' id='word_1_83' title='bbox 611 1673 676 1745; x_wconf 85' lang='grc' dir='ltr'><strong><em>δ’</em></strong></span> <span class='ocrx_word' id='word_1_84' title='bbox 717 1673 966 1745; x_wconf 78' lang='grc' dir='ltr'><strong><em>ἀθλίαν</em></strong></span> <span class='ocrx_word' id='word_1_85' title='bbox 994 1673 1184 1765; x_wconf 84' lang='grc' dir='ltr'><strong><em>τήνδ’</em></strong></span> <span class='ocrx_word' id='word_1_86' title='bbox 1217 1686 1287 1745; x_wconf 76' lang='grc' dir='ltr'><strong><em>εἴ</em></strong></span> <span class='ocrx_word' id='word_1_87' title='bbox 1310 1704 1406 1756; x_wconf 88' lang='grc' dir='ltr'><strong><em>τις</em></strong></span> <span class='ocrx_word' id='word_1_88' title='bbox 1437 1682 1707 1766; x_wconf 79' lang='grc' dir='ltr'><strong><em>εἰσορᾶν</em></strong></span> <span class='ocrx_word' id='word_1_89' title='bbox 1732 1677 1943 1761; x_wconf 81' lang='grc' dir='ltr'><strong><em>θέλει,</em></strong></span> 
     </span>
     <span class='ocr_line' id='line_1_16' title="bbox 465 1777 1883 1867; baseline -0.003 -22"><span class='ocrx_word' id='word_1_90' title='bbox 465 1777 782 1867; x_wconf 83' lang='grc' dir='ltr'><strong><em>πάρεστιν</em></strong></span> <span class='ocrx_word' id='word_1_91' title='bbox 817 1781 1073 1866; x_wconf 55' lang='grc' dir='ltr'><strong><em>*Εκάβη</em></strong></span> <span class='ocrx_word' id='word_1_92' title='bbox 1103 1780 1373 1865; x_wconf 84' lang='grc' dir='ltr'><strong><em>κειμένη</em></strong></span> <span class='ocrx_word' id='word_1_93' title='bbox 1405 1784 1643 1843; x_wconf 74' lang='grc' dir='ltr'><strong><em>πυλῶν</em></strong></span> <span class='ocrx_word' id='word_1_94' title='bbox 1671 1778 1883 1860; x_wconf 82' lang='grc' dir='ltr'><strong><em>πάρος</em></strong></span> 
     </span>
    </p>

    <p class='ocr_par' dir='ltr' id='par_1_12' title="bbox 466 1873 1967 1970">
     <span class='ocr_line' id='line_1_17' title="bbox 466 1873 1967 1970; baseline -0.001 -23"><span class='ocrx_word' id='word_1_95' title='bbox 466 1879 728 1970; x_wconf 85' lang='grc' dir='ltr'><strong><em>δάκρυα</em></strong></span> <span class='ocrx_word' id='word_1_96' title='bbox 787 1884 1030 1965; x_wconf 82' lang='grc' dir='ltr'><strong><em>χέουσα</em></strong></span> <span class='ocrx_word' id='word_1_97' title='bbox 1079 1876 1293 1948; x_wconf 81' lang='grc' dir='ltr'><strong><em>πολλὰ</em></strong></span> <span class='ocrx_word' id='word_1_98' title='bbox 1323 1879 1435 1947; x_wconf 88' lang='grc' dir='ltr'><strong><em>καὶ</em></strong></span> <span class='ocrx_word' id='word_1_99' title='bbox 1462 1884 1733 1947; x_wconf 76' lang='grc' dir='ltr'><strong><em>πολλῶν</em></strong></span> <span class='ocrx_word' id='word_1_100' title='bbox 1758 1873 1932 1966; x_wconf 78' lang='grc' dir='ltr'><strong><em>ὕπερ</em></strong></span> <span class='ocrx_word' id='word_1_101' title='bbox 1952 1897 1967 1913; x_wconf 90' lang='lat'><strong>·</strong></span> 
     </span>
    </p>

    <p class='ocr_par' dir='ltr' id='par_1_13' title="bbox 463 1972 1934 2070">
     <span class='ocr_line' id='line_1_18' title="bbox 463 1972 1934 2070; baseline -0.003 -20"><span class='ocrx_word' id='word_1_102' title='bbox 463 1972 509 2070; x_wconf 79' lang='grc' dir='ltr'><strong><em>ᾖ</em></strong></span> <span class='ocrx_word' id='word_1_103' title='bbox 543 1996 696 2062; x_wconf 89' lang='grc' dir='ltr'><strong><em>παῖς</em></strong></span> <span class='ocrx_word' id='word_1_104' title='bbox 727 1981 851 2069; x_wconf 72' lang='grc' dir='ltr'><strong><em>μὲν</em></strong></span> <span class='ocrx_word' id='word_1_105' title='bbox 878 1978 1049 2069; x_wconf 75' lang='grc' dir='ltr'><strong><em>ἀμφὶ</em></strong></span> <span class='ocrx_word' id='word_1_106' title='bbox 1079 1977 1285 2068; x_wconf 83' lang='grc' dir='ltr'><strong><em>μνῆμ’</em></strong></span> <span class='ocrx_word' id='word_1_107' title='bbox 1317 1977 1685 2067; x_wconf 82' lang='grc' dir='ltr'><strong><em>Ἀχιλλείου</em></strong></span> <span class='ocrx_word' id='word_1_108' title='bbox 1714 1978 1934 2065; x_wconf 87' lang='grc' dir='ltr'><strong><em>τάφου</em></strong></span> 
     </span>
    </p>

    <p class='ocr_par' dir='ltr' id='par_1_14' title="bbox 462 2083 2237 2275">
     <span class='ocr_line' id='line_1_19' title="bbox 462 2083 2237 2173; baseline -0.002 -22"><span class='ocrx_word' id='word_1_109' title='bbox 462 2087 695 2173; x_wconf 76' lang='grc' dir='ltr'><strong><em>οἰκτροὶ</em></strong></span> <span class='ocrx_word' id='word_1_110' title='bbox 723 2090 1008 2170; x_wconf 83' lang='grc' dir='ltr'><strong><em>τέθνηκε</em></strong></span> <span class='ocrx_word' id='word_1_111' title='bbox 1036 2088 1379 2171; x_wconf 87' lang='grc' dir='ltr'><strong><em>τλημόνως</em></strong></span> <span class='ocrx_word' id='word_1_112' title='bbox 1403 2083 1768 2168; x_wconf 81' lang='grc' dir='ltr'><strong><em>Πολυξένη,</em></strong></span> <span class='ocrx_word' id='word_1_113' title='bbox 2169 2094 2237 2147; x_wconf 80' lang='lat'><strong><em>40</em></strong></span> 
     </span>
     <span class='ocr_line' id='line_1_20' title="bbox 468 2178 2203 2275; baseline -0.003 -22"><span class='ocrx_word' id='word_1_114' title='bbox 468 2189 770 2273; x_wconf 85' lang='grc' dir='ltr'><strong><em>φροῦδος</em></strong></span> <span class='ocrx_word' id='word_1_115' title='bbox 797 2183 874 2254; x_wconf 69' lang='grc' dir='ltr'><strong><em>δὲ</em></strong></span> <span class='ocrx_word' id='word_1_116' title='bbox 903 2190 1205 2275; x_wconf 86' lang='grc' dir='ltr'><strong><em>Πρίαμος</em></strong></span> <span class='ocrx_word' id='word_1_117' title='bbox 1233 2185 1346 2253; x_wconf 84' lang='grc' dir='ltr'><strong><em>καὶ</em></strong></span> <span class='ocrx_word' id='word_1_118' title='bbox 1374 2180 1554 2253; x_wconf 85' lang='grc' dir='ltr'><strong><em>τέκν’</em></strong></span> <span class='ocrx_word' id='word_1_119' title='bbox 1582 2204 1597 2219; x_wconf 91' lang='grc'><em>·</em></span> <span class='ocrx_word' id='word_1_120' title='bbox 1636 2178 1723 2269; x_wconf 80' lang='grc' dir='ltr'><strong><em>ἣν</em></strong></span> <span class='ocrx_word' id='word_1_121' title='bbox 1751 2180 1827 2250; x_wconf 73' lang='grc' dir='ltr'><strong><em>δὲ</em></strong></span> <span class='ocrx_word' id='word_1_122' title='bbox 1855 2181 2203 2270; x_wconf 83' lang='grc' dir='ltr'><strong><em>παρθένον</em></strong></span> 
     </span>
    </p>
   </div>
   <div class='ocr_carea' id='block_1_3' title="bbox 396 2279 2069 2377">
    <p class='ocr_par' dir='ltr' id='par_1_15' title="bbox 396 2279 2069 2377">
     <span class='ocr_line' id='line_1_21' title="bbox 396 2279 2069 2377; baseline -0.004 -21"><span class='ocrx_word' id='word_1_123' title='bbox 396 2300 401 2303; x_wconf 83' lang='grc'><strong>’</strong></span> <span class='ocrx_word' id='word_1_124' title='bbox 465 2282 708 2373; x_wconf 83' lang='grc' dir='ltr'><strong><em>μεθῆκ’</em></strong></span> <span class='ocrx_word' id='word_1_125' title='bbox 746 2282 1088 2356; x_wconf 85' lang='grc' dir='ltr'><strong><em>Ἀπόλλων</em></strong></span> <span class='ocrx_word' id='word_1_126' title='bbox 1117 2286 1420 2377; x_wconf 83' lang='grc' dir='ltr'><strong><em>δρομάδα</em></strong></span> <span class='ocrx_word' id='word_1_127' title='bbox 1447 2284 1856 2373; x_wconf 86' lang='grc' dir='ltr'><strong><em>Κασάνδραν</em></strong></span> <span class='ocrx_word' id='word_1_128' title='bbox 1884 2279 2069 2368; x_wconf 74' lang='grc' dir='ltr'><strong><em>ἅναξ,</em></strong></span> 
     </span>
    </p>
   </div>
   <div class='ocr_carea' id='block_1_4' title="bbox 465 2382 2238 2781">
    <p class='ocr_par' dir='ltr' id='par_1_16' title="bbox 466 2382 1923 2479">
     <span class='ocr_line' id='line_1_22' title="bbox 466 2382 1923 2479; baseline -0.001 -24"><span class='ocrx_word' id='word_1_129' title='bbox 466 2386 541 2456; x_wconf 83' lang='grc' dir='ltr'><strong><em>τὸ</em></strong></span> <span class='ocrx_word' id='word_1_130' title='bbox 568 2393 690 2456; x_wconf 80' lang='grc' dir='ltr'><strong><em>τοῦ</em></strong></span> <span class='ocrx_word' id='word_1_131' title='bbox 718 2393 891 2456; x_wconf 83' lang='grc' dir='ltr'><strong><em>θεοῦ</em></strong></span> <span class='ocrx_word' id='word_1_132' title='bbox 918 2416 991 2457; x_wconf 87' lang='grc' dir='ltr'><strong><em>τε</em></strong></span> <span class='ocrx_word' id='word_1_133' title='bbox 1019 2387 1419 2479; x_wconf 74' lang='grc' dir='ltr'><strong><em>παραλιπών</em></strong></span> <span class='ocrx_word' id='word_1_134' title='bbox 1446 2386 1521 2458; x_wconf 86' lang='grc' dir='ltr'><strong><em>τό</em></strong></span> <span class='ocrx_word' id='word_1_135' title='bbox 1556 2383 1617 2455; x_wconf 87' lang='grc' dir='ltr'><strong><em>τ’</em></strong></span> <span class='ocrx_word' id='word_1_136' title='bbox 1653 2382 1923 2473; x_wconf 73' lang='grc' dir='ltr'><strong><em>εὐσεβὲς</em></strong></span> 
     </span>
    </p>

    <p class='ocr_par' dir='ltr' id='par_1_17' title="bbox 465 2484 2015 2577">
     <span class='ocr_line' id='line_1_23' title="bbox 465 2484 2015 2577; baseline -0.003 -20"><span class='ocrx_word' id='word_1_137' title='bbox 465 2503 670 2577; x_wconf 80' lang='grc' dir='ltr'><strong><em>γαμεῖ</em></strong></span> <span class='ocrx_word' id='word_1_138' title='bbox 691 2496 924 2576; x_wconf 88' lang='grc' dir='ltr'><strong><em>βιαίως</em></strong></span> <span class='ocrx_word' id='word_1_139' title='bbox 949 2490 1218 2559; x_wconf 86' lang='grc' dir='ltr'><strong><em>σκότιον</em></strong></span> <span class='ocrx_word' id='word_1_140' title='bbox 1239 2487 1672 2577; x_wconf 81' lang='grc' dir='ltr'><strong><em>Ἀγαμέμνων</em></strong></span> <span class='ocrx_word' id='word_1_141' title='bbox 1691 2490 1906 2574; x_wconf 84' lang='grc' dir='ltr'><strong><em>λέχος.</em></strong></span> <span class='ocrx_word' id='word_1_142' title='bbox 1998 2484 2015 2500; x_wconf 74' lang='grc'>”</span> 
     </span>
    </p>

    <p class='ocr_par' dir='ltr' id='par_1_18' title="bbox 469 2582 2238 2781">
     <span class='ocr_line' id='line_1_24' title="bbox 469 2582 2238 2680; baseline -0.003 -21"><span class='ocrx_word' id='word_1_143' title='bbox 469 2586 616 2659; x_wconf 76' lang='grc' dir='ltr'><strong><em>ἀλλ’</em></strong></span> <span class='ocrx_word' id='word_1_144' title='bbox 653 2582 708 2659; x_wconf 70' lang='grc' dir='ltr'><strong><em>οἷ</em></strong></span> <span class='ocrx_word' id='word_1_145' title='bbox 737 2588 886 2659; x_wconf 87' lang='grc' dir='ltr'><strong><em>ποτ’</em></strong></span> <span class='ocrx_word' id='word_1_146' title='bbox 921 2588 1328 2679; x_wconf 78' lang='grc' dir='ltr'><strong><em>εὐτυχοῦσα,</em></strong></span> <span class='ocrx_word' id='word_1_147' title='bbox 1358 2592 1549 2680; x_wconf 86' lang='grc' dir='ltr'><strong><em>χαῖρέ</em></strong></span> <span class='ocrx_word' id='word_1_148' title='bbox 1571 2617 1719 2676; x_wconf 81' lang='grc' dir='ltr'><strong><em>μοι,</em></strong></span> <span class='ocrx_word' id='word_1_149' title='bbox 1750 2588 1941 2667; x_wconf 84' lang='grc' dir='ltr'><strong><em>πόλις</em></strong></span> <span class='ocrx_word' id='word_1_150' title='bbox 2172 2602 2238 2653; x_wconf 78' lang='lat'><strong><em>45</em></strong></span> 
     </span>
     <span class='ocr_line' id='line_1_25' title="bbox 469 2689 1795 2781; baseline -0.003 -20"><span class='ocrx_word' id='word_1_151' title='bbox 469 2691 698 2773; x_wconf 81' lang='grc' dir='ltr'><strong><em>ξεστόν</em></strong></span> <span class='ocrx_word' id='word_1_152' title='bbox 725 2720 796 2761; x_wconf 91' lang='grc' dir='ltr'><strong><em>τε</em></strong></span> <span class='ocrx_word' id='word_1_153' title='bbox 823 2692 1172 2781; x_wconf 82' lang='grc' dir='ltr'><strong><em>πύργωμ’·</em></strong></span> <span class='ocrx_word' id='word_1_154' title='bbox 1211 2702 1280 2761; x_wconf 76' lang='grc' dir='ltr'><strong><em>εἴ</em></strong></span> <span class='ocrx_word' id='word_1_155' title='bbox 1296 2712 1371 2761; x_wconf 84' lang='grc' dir='ltr'><strong><em>σε</em></strong></span> <span class='ocrx_word' id='word_1_156' title='bbox 1398 2689 1488 2779; x_wconf 82' lang='grc' dir='ltr'><strong><em>μὴ</em></strong></span> <span class='ocrx_word' id='word_1_157' title='bbox 1518 2690 1795 2759; x_wconf 77' lang='grc' dir='ltr'><strong><em>διώλεσε</em></strong></span> 
     </span>
    </p>
   </div>
   <div class='ocr_carea' id='block_1_5' title="bbox 359 2785 2023 2882">
    <p class='ocr_par' dir='ltr' id='par_1_19' title="bbox 359 2785 2023 2882">
     <span class='ocr_line' id='line_1_26' title="bbox 359 2785 2023 2882; baseline -0.004 -21"><span class='ocrx_word' id='word_1_158' title='bbox 359 2816 362 2821; x_wconf 90' lang='grc'><em>·</em></span> <span class='ocrx_word' id='word_1_159' title='bbox 467 2792 740 2873; x_wconf 76' lang='grc' dir='ltr'><strong><em>Παλλὰς</em></strong></span> <span class='ocrx_word' id='word_1_160' title='bbox 765 2792 936 2874; x_wconf 81' lang='grc' dir='ltr'><strong><em>Διὸς</em></strong></span> <span class='ocrx_word' id='word_1_161' title='bbox 960 2786 1148 2881; x_wconf 83' lang='grc' dir='ltr'><strong><em>παῖς,</em></strong></span> <span class='ocrx_word' id='word_1_162' title='bbox 1181 2785 1344 2882; x_wconf 84' lang='grc' dir='ltr'><strong><em>ἦσθ’</em></strong></span> <span class='ocrx_word' id='word_1_163' title='bbox 1379 2789 1463 2861; x_wconf 77' lang='grc' dir='ltr'><strong><em>ἂν</em></strong></span> <span class='ocrx_word' id='word_1_164' title='bbox 1492 2796 1566 2861; x_wconf 80' lang='grc' dir='ltr'><strong><em>ἐν</em></strong></span> <span class='ocrx_word' id='word_1_165' title='bbox 1593 2791 1880 2880; x_wconf 88' lang='grc' dir='ltr'><strong><em>βάθροις</em></strong></span> <span class='ocrx_word' id='word_1_166' title='bbox 1908 2794 2023 2857; x_wconf 80' lang='grc' dir='ltr'><strong><em>ἔτι.</em></strong></span> 
     </span>
    </p>
   </div>
   <div class='ocr_carea' id='block_1_6' title="bbox 244 2902 382 2963">
    <p class='ocr_par' dir='ltr' id='par_1_20' title="bbox 244 2902 382 2963">
     <span class='ocr_line' id='line_1_27' title="bbox 244 2902 382 2963; baseline -0.007 0"><span class='ocrx_word' id='word_1_167' title='bbox 244 2902 382 2963; x_wconf 81' lang='grc' dir='ltr'><strong><em>ΑΘ.</em></strong></span> 
     </span>
    </p>
   </div>
   <div class='ocr_carea' id='block_1_7' title="bbox 246 3206 389 3266">
    <p class='ocr_par' dir='ltr' id='par_1_21' title="bbox 246 3206 389 3266">
     <span class='ocr_line' id='line_1_28' title="bbox 246 3206 389 3266; baseline 0 0"><span class='ocrx_word' id='word_1_168' title='bbox 246 3206 389 3266; x_wconf 92' lang='grc' dir='ltr'><strong><em>ΠΟ.</em></strong></span> 
     </span>
    </p>
   </div>
   <div class='ocr_carea' id='block_1_8' title="bbox 249 3412 384 3471">
    <p class='ocr_par' dir='ltr' id='par_1_22' title="bbox 249 3412 384 3471">
     <span class='ocr_line' id='line_1_29' title="bbox 249 3412 384 3471; baseline 0 -1"><span class='ocrx_word' id='word_1_169' title='bbox 249 3412 384 3471; x_wconf 82' lang='grc' dir='ltr'><strong><em>ΑΘ.</em></strong></span> 
     </span>
    </p>
   </div>
   <div class='ocr_carea' id='block_1_9' title="bbox 467 2889 2243 3596">
    <p class='ocr_par' dir='ltr' id='par_1_23' title="bbox 467 2889 1811 2984">
     <span class='ocr_line' id='line_1_30' title="bbox 467 2889 1811 2984; baseline -0.002 -21"><span class='ocrx_word' id='word_1_170' title='bbox 467 2898 674 2977; x_wconf 79' lang='grc' dir='ltr'><strong><em>ἔξεστι</em></strong></span> <span class='ocrx_word' id='word_1_171' title='bbox 709 2893 828 2965; x_wconf 82' lang='grc' dir='ltr'><strong><em>τὸν</em></strong></span> <span class='ocrx_word' id='word_1_172' title='bbox 859 2898 1040 2981; x_wconf 85' lang='grc' dir='ltr'><strong><em>γένει</em></strong></span> <span class='ocrx_word' id='word_1_173' title='bbox 1067 2896 1192 2984; x_wconf 72' lang='grc' dir='ltr'><strong><em>μὲν</em></strong></span> <span class='ocrx_word' id='word_1_174' title='bbox 1221 2892 1535 2983; x_wconf 67' lang='grc' dir='ltr'><strong><em>ἄγχιστον</em></strong></span> <span class='ocrx_word' id='word_1_175' title='bbox 1563 2889 1811 2982; x_wconf 85' lang='grc' dir='ltr'><strong><em>πατρὸς</em></strong></span> 
     </span>
    </p>

    <p class='ocr_par' dir='ltr' id='par_1_24' title="bbox 469 2996 1747 3085">
     <span class='ocr_line' id='line_1_31' title="bbox 469 2996 1747 3085; baseline -0.002 -20"><span class='ocrx_word' id='word_1_176' title='bbox 469 2998 680 3085; x_wconf 86' lang='grc' dir='ltr'><strong><em>μέγαν</em></strong></span> <span class='ocrx_word' id='word_1_177' title='bbox 709 2996 784 3065; x_wconf 76' lang='grc' dir='ltr'><strong><em>δὲ</em></strong></span> <span class='ocrx_word' id='word_1_178' title='bbox 807 2996 1073 3085; x_wconf 87' lang='grc' dir='ltr'><strong><em>δαίμον’</em></strong></span> <span class='ocrx_word' id='word_1_179' title='bbox 1105 3002 1180 3068; x_wconf 80' lang='grc' dir='ltr'><strong><em>ἐν</em></strong></span> <span class='ocrx_word' id='word_1_180' title='bbox 1207 3010 1397 3077; x_wconf 87' lang='grc' dir='ltr'><strong><em>θεοῖς</em></strong></span> <span class='ocrx_word' id='word_1_181' title='bbox 1423 3023 1496 3065; x_wconf 89' lang='grc' dir='ltr'><strong><em>τε</em></strong></span> <span class='ocrx_word' id='word_1_182' title='bbox 1522 3002 1747 3083; x_wconf 88' lang='grc' dir='ltr'><strong><em>τίμιον</em></strong></span> 
     </span>
    </p>

    <p class='ocr_par' dir='ltr' id='par_1_25' title="bbox 470 3096 2243 3291">
     <span class='ocr_line' id='line_1_32' title="bbox 470 3096 2243 3189; baseline -0.005 -24"><span class='ocrx_word' id='word_1_183' title='bbox 470 3098 771 3167; x_wconf 81' lang='grc' dir='ltr'><strong><em>λύσασαν</em></strong></span> <span class='ocrx_word' id='word_1_184' title='bbox 797 3106 1050 3188; x_wconf 84' lang='grc' dir='ltr'><strong><em>ἔχθραν</em></strong></span> <span class='ocrx_word' id='word_1_185' title='bbox 1081 3098 1203 3187; x_wconf 79' lang='grc' dir='ltr'><strong><em>τὴν</em></strong></span> <span class='ocrx_word' id='word_1_186' title='bbox 1230 3098 1440 3189; x_wconf 84' lang='grc' dir='ltr'><strong><em>πάρος</em></strong></span> <span class='ocrx_word' id='word_1_187' title='bbox 1467 3096 1985 3187; x_wconf 81' lang='grc' dir='ltr'><strong><em>προσεννέπειν;</em></strong></span> <span class='ocrx_word' id='word_1_188' title='bbox 2178 3110 2243 3158; x_wconf 76' lang='lat'><strong><em>50</em></strong></span> 
     </span>
     <span class='ocr_line' id='line_1_33' title="bbox 475 3192 1694 3291; baseline -0.001 -23"><span class='ocrx_word' id='word_1_189' title='bbox 475 3202 756 3282; x_wconf 80' lang='grc' dir='ltr'><strong><em>ἔξεστιν·</em></strong></span> <span class='ocrx_word' id='word_1_190' title='bbox 781 3192 866 3270; x_wconf 64' lang='grc' dir='ltr'><strong><em>ἀί</em></strong></span> <span class='ocrx_word' id='word_1_191' title='bbox 885 3198 1013 3288; x_wconf 81' lang='grc' dir='ltr'><strong><em>γὰρ</em></strong></span> <span class='ocrx_word' id='word_1_192' title='bbox 1042 3216 1392 3291; x_wconf 86' lang='grc' dir='ltr'><strong><em>συγγενεῖς</em></strong></span> <span class='ocrx_word' id='word_1_193' title='bbox 1420 3192 1694 3288; x_wconf 81' lang='grc' dir='ltr'><strong><em>ὁμιλίαι,</em></strong></span> 
     </span>
    </p>

    <p class='ocr_par' dir='ltr' id='par_1_26' title="bbox 469 3297 2108 3493">
     <span class='ocr_line' id='line_1_34' title="bbox 471 3297 2108 3392; baseline -0.004 -22"><span class='ocrx_word' id='word_1_194' title='bbox 471 3297 709 3370; x_wconf 76' lang='grc' dir='ltr'><strong><em>ἄνασσ’</em></strong></span> <span class='ocrx_word' id='word_1_195' title='bbox 747 3300 1036 3391; x_wconf 72' lang='grc' dir='ltr'><strong><em>Ἀθάνα,</em></strong></span> <span class='ocrx_word' id='word_1_196' title='bbox 1069 3310 1356 3392; x_wconf 84' lang='grc' dir='ltr'><strong><em>φίλτρον</em></strong></span> <span class='ocrx_word' id='word_1_197' title='bbox 1382 3298 1466 3370; x_wconf 83' lang='grc' dir='ltr'><strong><em>οὐ</em></strong></span> <span class='ocrx_word' id='word_1_198' title='bbox 1498 3297 1783 3390; x_wconf 86' lang='grc' dir='ltr'><strong><em>σμικρὸν</em></strong></span> <span class='ocrx_word' id='word_1_199' title='bbox 1816 3300 2108 3386; x_wconf 75' lang='grc' dir='ltr'><strong><em>φρενῶν.</em></strong></span> 
     </span>
     <span class='ocr_line' id='line_1_35' title="bbox 469 3399 1744 3493; baseline -0.002 -22"><span class='ocrx_word' id='word_1_200' title='bbox 469 3400 738 3492; x_wconf 79' lang='grc' dir='ltr'><strong><em>ἐπῄνεσ’</em></strong></span> <span class='ocrx_word' id='word_1_201' title='bbox 774 3399 976 3493; x_wconf 75' lang='grc' dir='ltr'><strong><em>ὀργὰς</em></strong></span> <span class='ocrx_word' id='word_1_202' title='bbox 1002 3401 1274 3491; x_wconf 81' lang='grc' dir='ltr'><strong><em>ἠπίους·</em></strong></span> <span class='ocrx_word' id='word_1_203' title='bbox 1308 3404 1493 3492; x_wconf 82' lang='grc' dir='ltr'><strong><em>φέρω</em></strong></span> <span class='ocrx_word' id='word_1_204' title='bbox 1529 3401 1606 3470; x_wconf 74' lang='grc' dir='ltr'><strong><em>δὲ</em></strong></span> <span class='ocrx_word' id='word_1_205' title='bbox 1635 3402 1744 3469; x_wconf 80' lang='grc' dir='ltr'><strong><em>σοὶ</em></strong></span> 
     </span>
    </p>

    <p class='ocr_par' dir='ltr' id='par_1_27' title="bbox 477 3498 2002 3596">
     <span class='ocr_line' id='line_1_36' title="bbox 477 3498 2002 3596; baseline -0.003 -23"><span class='ocrx_word' id='word_1_206' title='bbox 477 3503 747 3585; x_wconf 77' lang='grc' dir='ltr'><strong><em>κοινοὺς</em></strong></span> <span class='ocrx_word' id='word_1_207' title='bbox 777 3507 1028 3596; x_wconf 78' lang='grc' dir='ltr'><strong><em>ἐμαυτῇ</em></strong></span> <span class='ocrx_word' id='word_1_208' title='bbox 1055 3503 1116 3573; x_wconf 91' lang='grc' dir='ltr'><strong><em>τ’</em></strong></span> <span class='ocrx_word' id='word_1_209' title='bbox 1153 3512 1245 3587; x_wconf 83' lang='grc' dir='ltr'><strong><em>εἰς</em></strong></span> <span class='ocrx_word' id='word_1_210' title='bbox 1272 3507 1479 3594; x_wconf 83' lang='grc' dir='ltr'><strong><em>μέσον</em></strong></span> <span class='ocrx_word' id='word_1_211' title='bbox 1508 3503 1783 3591; x_wconf 88' lang='grc' dir='ltr'><strong><em>λόγους,</em></strong></span> <span class='ocrx_word' id='word_1_212' title='bbox 1816 3498 2002 3583; x_wconf 75' lang='grc' dir='ltr'><strong><em>ἄναξ.</em></strong></span> 
     </span>
    </p>
   </div>
  </div>
 </body>
</html>
