2534 3917
235 159 360 224 234
665 165 671 174 ’
1072 161 1222 217 ΜΗ
1220 159 1427 217 ΔΕΙΑ

247 339 378 400 XO.
459 325 620 417 ἔοιχ’
656 326 691 398 ὁ
725 335 985 417 δαίμων
1011 325 1221 398 πολλὰ
1251 324 1399 416 τῇδ’
1439 331 1513 396 ἐν
1544 323 1760 418 ἡμέρᾳ

465 429 637 500 κακά
665 431 1025 512 ξυνάπτειν
1054 433 1335 508 ἐνδίκως
1368 426 1626 498 Ἰάσονι.

468 524 522 600 ὦ
550 539 832 620 τλῆμον,
865 531 953 613 ὥς
984 557 1110 602 σου
1139 527 1492 620 συμφορὰς
1519 538 1956 622 οίκτείρομεν,

466 635 632 722 κόρη
651 636 1017 723 Κρέοντος,
1047 630 1188 722 ἥτις
1217 640 1312 713 εἰς
1333 628 1571 701 ’Ἅιδου
1599 633 1812 714 πύλας

466 747 626 823 οἴχει
659 736 894 823 γάμων
923 739 1105 806 ἕκατι
1134 743 1269 804 τῶν
1292 731 1596 814 Ἰάσονος.
2111 755 2250 810 1235

240 845 406 906 ΜΗ.
464 845 693 926 φίλαι,
729 841 1035 908 δέδοκται
1063 833 1355 926 τοῦργον
1384 832 1473 924 (ὃς
1506 835 1774 923 τάχιστά
1807 864 1921 924 μοι

472 945 713 1019 παῖδας
738 938 1074 1028 κτανούσῃ
1102 935 1295 1026 τῆσδ’
1330 935 1768 1027 ἀφορμᾶσθαι
1794 939 2043 1026 χθονὸς

469 1043 582 1110 καὶ
612 1039 700 1129 μὴ
731 1040 979 1130 σχολὴν
1007 1038 1307 1134 ἄγουσαν
1334 1043 1651 1109 ἐκδοῦναι
1684 1043 1884 1110 τέκνα

469 1139 636 1232 ἄλλῃ
672 1151 999 1230 φονεῦσαι
1027 1145 1517 1233 δυσμενεστέρα
1549 1150 1713 1232 χερί.

471 1244 732 1326 πάντως
760 1242 880 1333 σφ’
913 1243 1169 1332 ἀνάγκη
1200 1254 1597 1315 κατθανεῖν·
1633 1247 1776 1313 ἐπεὶ
1806 1244 1881 1313 δὲ
1907 1244 2054 1333 χρή,
2116 1261 2252 1314 1240

472 1341 661 1431 ἡμεῖς
694 1354 1096 1434 κτενοῦμεν,
1132 1353 1321 1436 οἵπερ
1353 1346 1788 1434 ἐξεφύσαμεν.

473 1442 619 1514 ἀλλ’
663 1446 744 1515 εἶ’
779 1445 1082 1532 ὁπλίζου,
1113 1454 1378 1536 καρδία.
1414 1456 1485 1516 τί
1516 1451 1843 1536 μέλλομεν

469 1548 582 1631 [voi
615 1547 805 1614 δεινοὶ
835 1549 1212 1634 κάναγκαῖα
1238 1553 1329 1636 μὴ
1361 1547 1694 1636 πράσσειν
1722 1555 1958 1638 κακά];

475 1643 585 1733 ἀφ’
623 1639 676 1716 03
705 1649 982 1717 τάλαινα
1014 1650 1157 1738 χεὶρ
1187 1648 1342 1737 ἐμή,
1381 1649 1543 1736 λαβὲ
1572 1652 1787 1739 ξίφος,

474 1746 848 1840 λάβ’,ῆέρπε
878 1748 1044 1840 πρὸς
1072 1757 1361 1838 βαλβῖδα
1390 1750 1699 1840 λυπηρὰν
1727 1760 1906 1840 βίου,
2120 1770 2249 1822 1245

471 1854 584 1918 καὶ
611 1849 700 1939 μὴ
732 1860 1060 1941 κακισθῇς
1086 1850 1245 1941 μηδ’
1282 1851 1718 1942 ἀναμνησθῇς
1750 1856 2006 1922 τέκνων

475 1949 564 2031 ὡς
596 1951 901 2042 φίλταθ’,
934 1951 1020 2034 ὥς
1051 1961 1296 2035 ἔτικτες
1315 1979 1329 1991 ·
1362 1952 1529 2024 ἀλλά
1558 1955 1762 2045 τήνδε
1790 1984 1867 2043 γε

473 2062 692 2123 λαθοῦ
727 2063 1048 2146 βραχεῖαν
1075 2053 1331 2144 ἡμέραν
1367 2063 1630 2126 παίδων
1664 2061 1889 2142 σέθεν,

470 2152 751 2234 κᾶπειτα
776 2158 1054 2246 θρήνει·
1089 2160 1202 2226 καὶ
1233 2155 1361 2244 γὰρ
1394 2164 1457 2226 εί
1479 2174 1733 2238 κτενεῖς
1762 2155 1891 2249 σφ’,
1918 2155 2091 2245 ὅμως

470 2265 659 2343 φίλοι
688 2256 753 2341 γ’
789 2265 1084 2344 ἔφυσαν,
1117 2258 1451 2346 δυστυχὴς
1487 2257 1559 2327 δ’
1588 2258 1715 2346 ἐγω
1752 2260 1945 2348 γυνή.
2116 2277 2247 2328 1250

244 2367 384 2426 ΧΟ.
467 2356 544 2426 lc&
575 2366 676 2426 Γᾶ
705 2385 776 2426 τε
806 2361 920 2427 καὶ
946 2356 1265 2446 παμφαὴς
1977 2385 2116 2448 στρ.
2160 2427 2173 2432 -

473 2456 657 2539 ἀκτὶς
677 2457 958 2547 Ἀελίου,
990 2458 1283 2530 κατίδετ’
1320 2466 1496 2531 ἴδετε
1522 2461 1646 2530 τάν

473 2558 798 2648 ὀλομέναν
824 2577 1145 2651 γυναῖκα,
1179 2566 1342 2653 πρὶν
1371 2571 1646 2652 φοινίαν

472 2665 729 2745 τέκνοις
761 2673 1166 2756 προσβαλεῖν
1193 2664 1335 2756 χέρ’
1374 2664 1783 2734 αὐτοκτόνον
1802 2689 1815 2702 ·

470 2773 589 2846 σᾶς
615 2765 741 2858 γὰρ
773 2765 902 2837 ἀπὸ
929 2772 1212 2857 χρυσέας
1240 2776 1460 2863 γονᾶςι
2120 2785 2253 2836 1255

473 2875 823 2955 ἔβλαστεν,
859 2879 1035 2940 θεοῦ
1074 2867 1138 2956 δ’
1171 2875 1395 2955 αἵματι
1422 2878 1683 2939 πίτνειν

475 2967 687 3055 φόβος
718 2965 841 3037 ὑπ’
882 2966 1162 3058 ἀνέρων.

474 3067 642 3137 ἀλλά
669 3097 817 3155 νιν,
851 3062 906 3138 ὦ
932 3070 1100 3158 φάος
1130 3075 1458 3159 διογενές,
1491 3072 1773 3162 κάτειρ-

465 3197 544 3257 γε
573 3174 1038 3256 κατρίπαυσον,
1074 3173 1240 3250 ἔξελ’
1278 3180 1485 3239 οἴκων
1514 3177 1747 3240 τάλαι-

467 3298 597 3340 ναν
628 3279 880 3359 φονίαν
909 3271 966 3338 τ’
999 3271 1283 3360 Ἐρινὺν
1312 3272 1431 3340 ὑπ’
1465 3273 1878 3360 ἀλαστόρων.
2126 3291 2255 3342 1260

827 3381 1175 3431 1251—1260
1197 3400 1264 3420 =
1292 3382 1658 3431 1261-1270,
