2534 3917
200 2189 342 2250 XO.

192 2801 343 2866 XO.

678 174 1137 233 ΙΦΙΓΕΝΕΙΑ
1180 175 1251 232 Η
1287 175 1406 234 ΕΝ
1447 175 1760 234 ΛῬΛΙΛΙ
2141 171 2216 238 57

438 339 651 429 ἡδέως
678 368 749 412 τε
776 338 963 412 τοῦτ’
993 344 1261 426 ἐδέξατο
1280 394 1301 431 ,
1331 343 1445 412 καὶ
1475 349 1694 412 πλοῦν
1721 337 1965 434 οῦριον

442 448 725 513 δίδωσιν
751 439 920 533 ἡμῖν
954 441 1155 513 Ἰλίου
1186 441 1249 512 τ’
1282 445 1666 536 ἐπιδρομάς.

438 544 607 637 πρὸς
634 554 845 616 ταῦτα
876 555 1003 627 πᾶς
1030 573 1131 628 τις
1159 547 1417 636 θάρσος
1445 547 1594 637 αἶρε
1623 547 1988 638 ναυβάτης,

435 647 639 738 χώρει
666 675 738 717 τε
767 646 937 738 πρὸς
964 656 1174 718 ναῦν·
1208 646 1300 730 ὥς
1325 644 1542 741 ἡμέρᾳ
1569 656 1730 741 τῇδε
1760 656 1874 721 δεῖ

437 749 753 831 λιπόντας
781 747 953 839 ἡμᾶς
977 748 1280 832 Αὐλίδος
1310 759 1580 834 κοίλους
1608 751 1862 842 μυχοὺς
2087 771 2221 826 1600

434 862 723 940 Αἴγαιον
753 853 954 941 οἶδμα
983 859 1333 945 διαπερᾶν.
1366 857 1511 926 ἐπεὶ
1541 853 1606 924 δ’
1640 850 1820 924 ἅπαν

435 955 979 1044 κατηνθρακώθη
1012 953 1187 1044 θῦμ’
1224 960 1299 1026 ἐν
1328 953 1700 1046 Ἡφαίστου
1731 965 1960 1047 φλογί,

437 1055 515 1126 τὰ
543 1055 883 1148 πρόσφορ’
918 1055 1213 1146 ηὔξαθ’,
1246 1056 1337 1139 ὠς
1365 1060 1554 1147 τύχοι
1595 1060 1846 1130 νόστου
1889 1061 2190 1150 στρατός.

435 1162 678 1246 πέμπει
749 1157 821 1229 δ’
901 1156 1334 1248 Ἀγαμέμνων
1398 1159 1470 1248 μ’
1547 1157 1718 1230 ὥστε
1786 1183 1894 1230 σοι
1964 1161 2220 1253 φράσαι

1112 1263 1293 1349 τάδε,
2069 1266 2085 1280 ”

435 1365 659 1451 λέγειν
686 1360 763 1432 θ’
798 1361 1038 1446 ὁποίας
1068 1368 1139 1434 ἐκ
1170 1372 1358 1435 θεῶν
1385 1372 1625 1454 μοίρας
1653 1381 1856 1455 κυρεῖ
2083 1383 2218 1440 1605

432 1468 549 1534 καὶ
578 1465 781 1548 δόξαν
810 1473 1003 1554 ἔσχεν
1034 1463 1331 1555 ἄφθιτον
1359 1463 1523 1537 καθ’
1567 1463 1867 1537 Ἑλλάδα.

434 1565 565 1654 ἐγώ
594 1566 832 1658 παρεὸν
861 1569 937 1638 δὲ
965 1571 1079 1638 καὶ
1107 1568 1181 1639 τὸ
1213 1567 1453 1661 πρᾶγμ’
1490 1565 1673 1658 ὁρῶν
1700 1574 1874 1658 λέγω
1893 1593 1908 1608 ·

433 1666 476 1758 ἡ
506 1685 659 1750 παῖς
684 1678 919 1759 σαφῶς
947 1692 1053 1740 σοι
1084 1669 1251 1760 πρὸς
1278 1670 1486 1752 θεοὺς
1514 1668 1866 1759 ἀφίπτατο.

436 1772 650 1860 λύπης
680 1770 747 1842 δ’
783 1770 1059 1863 ἀφαίρει
1088 1775 1202 1842 καὶ
1229 1775 1423 1844 πόσει
1451 1773 1657 1861 πάρες
1685 1773 1922 1860 χόλον·

435 1871 905 1963 ἀπροσδόκητα
935 1877 1009 1945 δὲ
1038 1884 1342 1964 βροτοῖσι
1371 1874 1452 1943 τὰ
1480 1881 1617 1944 τῶν
1645 1882 1855 1962 θεῶν,
2081 1894 2214 1948 1610

435 1977 729 2060 σώζουσί
748 1975 822 2046 θ’
856 1975 977 2059 οῦς
1005 1985 1348 2065 φιλοῦσιν.
1377 1968 1556 2065 ἦμαρ
1585 1975 1713 2065 γὰρ
1743 1977 1896 2047 τόδε

432 2087 786 2148 θανοῦσαν
815 2079 951 2149 εἶδε
978 2083 1091 2150 καὶ
1119 2082 1505 2169 βλέπουσαν
1531 2084 1740 2149 παῖδα
1768 2079 1915 2168 σήν.

436 2179 524 2262 ὡς
552 2177 807 2269 ἥδομαί
828 2210 930 2251 τοι
958 2179 1153 2252 ταῦτ’
1186 2179 1512 2251 άκούσασ’
1547 2178 1877 2270 ἀγγέλου·

434 2291 564 2368 ζῶν
593 2280 657 2351 δ’
692 2287 767 2352 ἐν
794 2295 1019 2356 θεοῖσι
1045 2281 1171 2353 σὸν
1200 2286 1430 2372 μένειν
1468 2286 1702 2374 φράζει
1731 2289 1940 2365 τέκος.

434 2377 488 2454 ὦ
516 2400 669 2472 παῖ,
698 2393 885 2454 θεῶν
914 2392 1035 2456 τοῦ
1064 2388 1319 2474 κλέμμα
1347 2389 1662 2474 γέγονας;
2077 2406 2212 2460 1615
2281 2429 2286 2432 ·

433 2494 575 2568 πῶς
601 2509 676 2557 σε
706 2496 1084 2577 προσείποις
1116 2495 1255 2570 πῶς
1302 2491 1372 2561 δ’
1409 2488 1489 2558 οὐ
1531 2496 1640 2575 φιὸ

433 2600 989 2680 παραμυθεῖσθαι
1016 2591 1259 2661 τούσδε
1287 2591 1502 2679 μάτην
1533 2592 1820 2678 μύθους,

435 2687 523 2773 ὤς
552 2713 676 2761 σου
704 2695 1003 2773 πένθους
1030 2701 1290 2783 λυγροῦ
1318 2700 1708 2781 παυσαίμαν
1724 2723 1741 2774 ;

431 2797 545 2863 καὶ
572 2792 706 2883 μὴν
738 2791 1173 2883 Ἀγαμέμνων
1204 2793 1366 2876 ἄναξ
1395 2803 1661 2882 στείχει,

434 2893 665 2967 τούσδ’
700 2893 947 2978 αὐτοὺς
974 2904 1145 2984 ἔχων
1171 2918 1282 2966 σοι
1311 2897 1588 2986 φράζειν
1613 2897 1900 2984 μύθους.
2074 2914 2210 2968 1620

196 3005 408 3070 ΑΓΛ.
436 2998 671 3087 γύναι,
703 2997 1046 3090 θυγατρὸς
1104 2997 1286 3067 ἕνεκ’
1350 2995 1568 3085 ὄλβιοι
1594 2995 1942 3084 γενοίμεθ’
1969 2994 2054 3062 ἅν
2073 3021 2088 3038 ·

435 3108 568 3188 ἔχει
597 3098 725 3190 γὰρ
754 3098 967 3183 ὅντως
994 3104 1069 3170 ἐν
1096 3111 1285 3182 θεοῖς
1313 3096 1600 3188 ὁμιλίαν.

432 3201 559 3294 χρὴ
592 3207 672 3273 δέ
708 3223 783 3272 σε
813 3211 1158 3293 λαβοῦσαν
1187 3203 1385 3273 τόνδε
1413 3203 1664 3290 μόσχον
1692 3209 1979 3289 νεαγενῆ

434 3313 721 3394 στείχειν
774 3305 941 3396 πρὸς
994 3315 1255 3386 οἴκους·
1318 3301 1408 3385 ὥς
1449 3303 1730 3394 στρατὸς
1781 3302 1948 3392 πρὸς
1990 3309 2206 3372 πλοῦν

1114 3404 1261 3498 ὁρᾷ.
