2534 3917
356 214 485 277 444

372 3439 501 3498 XO.

1096 217 1558 275 ΦΟΙΝΙΣΣΑΙ

583 381 863 473 στρατὸς
893 379 958 452 δ’
995 380 1364 471 ἀνηλάλαξε
1392 389 1758 453 Δαναϊδῶν
1785 381 1978 466 ἅπας.
2241 408 2375 461 1395

584 483 713 554 κάν
744 490 917 578 τῷδε
947 486 1179 576 μόχθῳ
1210 483 1474 574 γυμνὸν
1503 475 1686 573 ῶμον
1717 486 1994 555 εἰσιδῶν

588 585 624 656 ὁ
651 585 911 675 πρόσθε
939 589 1226 675 τρωθεὶς
1250 589 1491 675 στέρνα
1519 594 1976 669 Πολυνείκους
2003 597 2125 682 βία

588 695 779 776 διῆκε
807 689 1087 777 λόγχην,
1116 686 1510 758 κάπέδωκεν
1535 685 1784 776 ἡδονὰς

586 792 870 878 Κάδμου
895 798 1226 878 πολίταις,
1257 786 1386 860 άπὸ
1416 785 1483 859 δ’
1513 787 1797 878 ἐθραυσ’
1829 788 2040 879 ἄκρον
2071 793 2271 884 δόρυ.
2463 864 2466 898 λ

594 899 686 972 εἰς
715 889 780 961 δ’
812 889 1072 981 ἄπορον
1098 889 1286 982 ἥκων
1313 888 1510 982 δορὸς
1537 893 1646 961 ἐπὶ
1671 895 1904 972 σκέλος
1931 894 2136 963 πάλιν
2233 911 2377 964 1400
2464 927 2465 964 1

589 1009 823 1082 χωρεῖ,
853 992 1083 1081 λαβῶν
1110 991 1176 1062 δ’
1209 991 1438 1081 άφῆκὲ
1455 993 1806 1082 μάρμαρον
1833 997 2106 1084 πέτρον,
2465 1043 2468 1104 Ι

590 1099 791 1183 μέσον
820 1094 887 1164 δ’
912 1091 1141 1164 ακοντ’
1174 1102 1542 1186 ἔθραυσεν·
1576 1098 1643 1176 ἐξ
1672 1105 1823 1164 ἴσου
1851 1093 1916 1163 δ’
1941 1093 2151 1185 ’Ἀρης

588 1189 707 1285 ἦν,
738 1195 1027 1285 κάμακος
1055 1193 1310 1286 άμφοῖν
1335 1192 1505 1319 χεῖρ’
1539 1191 2122 1284 ἀπεστερημένοιν.
2467 1221 2470 1356 ¹

590 1307 796 1368 ἔνθεν
828 1299 904 1370 δὲ
931 1299 1158 1380 κῶπας
1182 1295 1562 1388 ἁρπάσαντε
1591 1297 1959 1386 φασγάνων

591 1406 658 1481 ἐς
683 1397 932 1470 ταύτὸν
954 1392 1155 1490 ἦκον,
1190 1399 1610 1487 συμβαλόντε
1639 1396 1703 1468 δ’
1738 1395 2025 1481 άσπίδας
2241 1417 2376 1470 1405
2469 1401 2472 1524 φ

590 1500 811 1571 πολὺν
837 1499 1179 1591 ταραγμὸν
1204 1497 1573 1589 ἀμφιβάντ’
1609 1499 1792 1588 εἶχον
1816 1501 2044 1589 μάχης.
2470 1525 2471 1536 ’

589 1611 711 1671 καί
732 1629 871 1681 πως
896 1604 1142 1690 νοήσας
1168 1599 1508 1688 Ἐτεοκλῆς
1535 1600 1609 1670 τὸ
1641 1600 1984 1671 Θεσσαλὸν
2471 1579 2474 1670 λ

592 1703 942 1793 εἰσήγαγεν
966 1700 1245 1793 σόφισμ’
1280 1700 1506 1794 ὁμιλίᾳ
1531 1703 1800 1790 χθονός.
2471 1697 2473 1704 ’

592 1810 968 1894 ἐξαλλαγεὶς
992 1805 1119 1896 γὰρ
1149 1812 1274 1876 τοῦ
1303 1812 1720 1893 παρεστῶτος
1745 1805 1980 1891 πόνου,
2473 1757 2476 1870 λ

592 1908 785 1978 λαιὸν
816 1910 941 1996 μὲν
970 1917 1063 1988 εἰς
1088 1905 1460 1978 τοῦπισθεν
1508 1906 1790 1994 άμφέρει
1840 1906 2036 1994 πόδα,
2244 1927 2378 1978 1410
2475 1937 2478 2038 ff

594 2009 821 2100 πρόσω
852 2008 932 2079 τὰ
962 2019 1154 2079 κοῖλα
1180 2007 1464 2096 γαστρὸς
1492 2004 2020 2096 εὐλαβούμενος·
2476 2039 2477 2042 ’

594 2110 849 2200 προβὰς
878 2112 952 2180 δὲ
980 2119 1198 2181 κῶλον
1229 2107 1453 2192 δεξιὸν
1481 2105 1572 2178 δι’
1607 2106 1919 2198 ὀμφαλοῦ

590 2219 892 2302 καθῆκεν
914 2221 1101 2301 ἔγχος
1127 2212 1536 2300 σφονδύλοις
1561 2207 1621 2279 τ’
1659 2209 2043 2299 ἐνήρμοσεν.

595 2311 765 2403 ὁμοῦ
798 2315 874 2384 δὲ
900 2316 1161 2402 κάμψας
1189 2311 1450 2400 πλευρὰ
1478 2314 1590 2380 καὶ
1617 2311 1839 2401 νηδὺν
1864 2312 2064 2393 τάλας

594 2415 724 2485 σὺν
751 2421 1140 2503 αἱματηραῖς
1169 2414 1443 2502 σταγόσι
1467 2421 1889 2503 Πολυνείκης
1915 2423 2154 2484 πίτνει.
2239 2434 2373 2486 1415

596 2510 630 2582 ὃ
661 2512 727 2583 δ’
760 2511 849 2595 ῶς
874 2522 1143 2603 κρατῶν
1170 2513 1302 2602 δὴ
1284 2518 1397 2584 καὶ
1425 2543 1800 2610 νενικηκως
1824 2516 2019 2606 μάχη,

2462 701 2463 730 ἢ

2461 749 2464 790 9

593 2622 783 2706 ξίφος
812 2614 1021 2687 δικῶν
1040 2622 1130 2697 εἰς
1147 2632 1348 2705 γαῖαν
1375 2618 1698 2687 ἐσκύλευέ
1721 2645 1854 2703 νιν,

592 2718 712 2789 τὸν
736 2727 908 2788 νοῦν
938 2718 1104 2809 πρὸς
1134 2715 1343 2788 αὑτὸν
1372 2746 1498 2787 ουκ
1531 2725 1734 2804 ἔχων,
1767 2723 1981 2787 ἐκεῖσε
2010 2721 2106 2786 δέ.

593 2818 632 2890 ὃ
657 2830 778 2890 καί
802 2849 915 2916 νιν
944 2819 1219 2910 ἔσφηλ’·
1250 2827 1349 2890 ἔτι
1377 2819 1503 2908 γὰρ
1536 2823 1841 2907 ἐμπνέων
1869 2817 2109 2908 βραχύ,

593 2923 823 3006 σῶζων
850 2928 1131 3011 σίδηρον
1161 2925 1235 2992 ἐν
1260 2928 1492 3015 λυγρῶ
1527 2918 1876 3010 πεσήματι,
2236 2939 2368 2992 1420

591 3024 781 3109 μόλις
808 3027 967 3111 μέν,
1002 3026 1280 3104 ἐξέτεινε
1313 3022 1380 3092 δ’
1417 3030 1510 3102 εἰς
1536 3013 1717 3110 ἧπαρ
1753 3026 1948 3111 ξίφος

585 3121 1061 3204 Ἐτεοκλέους’
1030 3152 1066 3192 ο
1098 3124 1361 3212 πρόσθε
1387 3132 1809 3212 Πολυνείκης
1837 3123 2083 3194 πεσῶν.

592 3242 792 3314 γαῖαν
820 3222 885 3296 δ’
920 3223 1079 3308 ὀδὰξ
1110 3223 1372 3305 ἑλόντες
1402 3222 1708 3313 ἀλλήλων
1748 3230 1951 3306 πέλας

593 3337 952 3400 πίπτουσι-ν
978 3325 1179 3418 ἄμφω
1207 3325 1335 3398 κού
1365 3328 1690 3416 διώρισαν
1715 3328 1974 3418 κράτος.

588 3439 724 3514 φεῦ
753 3439 920 3518 φεῦ,
951 3439 1179 3500 κακῶν
1206 3437 1382 3515 σῶν,
1416 3435 1741 3515 Οἰδίπου,
1771 3425 1838 3498 σ’
1858 3430 2039 3499 ὅσων
2065 3431 2302 3498 στένω·

590 3530 702 3609 τὰς
734 3529 853 3610 σὰς
883 3529 948 3598 δ’
983 3529 1147 3614 ἀρὰς
1179 3538 1398 3598 ἔοικεν
1428 3533 1749 3616 ἐκπλῆσαι
1777 3530 1958 3610 θεός.
2239 3547 2360 3599 1426
