2534 3917
283 199 414 263 314

277 1805 421 1869 XO.

1157 203 1442 262 ΡΗΣΟΣ

515 377 656 449 πῶς
684 366 749 438 δ’
783 360 873 438 αὖ
900 368 1202 460 γεφύρας
1228 368 1627 459 διαβαλοῦσ’
1664 377 2047 462 ἱππηλάται,

512 466 601 560 ἢν
627 462 758 560 ἀρα
783 470 874 560 μὴ
903 471 1323 563 θραύσαντες
1350 469 1664 561 ἀντύγων
1691 475 1926 562 χνόας,
1911 508 1926 525 ·

513 600 727 643 νικων
755 570 822 642 δ’
859 578 1149 664 ἔφεδρον
1175 571 1363 644 παῖδ’
1396 581 1565 663 ἔχεις
1593 573 1713 646 τὸν
1737 582 2037 669 Πηλέως,

515 672 590 755 ὅς
621 672 684 745 σ’
718 673 843 745 οὐκ
873 676 1052 745 ἐάσει
1077 679 1323 746 ναυσὶν
1349 679 1665 765 ἐμβαλεῖν
1692 680 1915 770 φλόγα
2202 704 2305 758 120

515 773 666 846 οὐδ’
703 768 824 846 ωδ’
851 774 1152 865 Ἀχαιοὺς
1179 774 1268 859 ὡς
1295 784 1518 860 δοκεῖς
1546 778 1946 871 ἀναρπάσαι.

511 887 735 948 αἴθων
761 878 890 968 γὰρ
921 877 1092 969 ἀνὴρ
1121 883 1235 950 καὶ
1260 881 1694 973 πεπύργωται
1725 885 1987 976 θράσει.

511 977 681 1049 ἀλλά
707 980 992 1070 στρατὸν
1016 979 1214 1070 μὲν”
1167 1005 1425 1071 ησυχον
1449 981 1611 1075 παρ’
1644 982 1929 1068 ἀσπίδας

513 1078 744 1153 εὕδειν
771 1086 985 1171 ἐῶμεν
1013 1088 1086 1153 ἐκ
1113 1084 1347 1155 κόπων
1374 1082 1781 1176 ἀρειφάτων,

507 1179 930 1255 κατάσκοπον
957 1186 1032 1255 δὲ
1060 1196 1431 1277 πολεμίων,
1467 1184 1541 1269 ὃς
1568 1183 1652 1258 ἀν
1678 1194 1869 1281 θέλῃ,
2195 1214 2291 1267 125

512 1288 798 1375 πέμπειν
826 1293 1016 1359 δοκεῖ
1037 1312 1182 1379 μοι·
1213 1286 1344 1360 κάν
1368 1291 1495 1379 μὲν
1524 1301 1845 1380 αἴρωνται
1876 1296 2126 1385 φυγήν,

511 1396 881 1475 στείχοντες
908 1394 1297 1480 ἐμπέσωμεν
1318 1388 1639 1482 Ἀργείων
1667 1404 1957 1489 στρατω·

511 1497 576 1558 εἰ
598 1486 665 1558 δ’
701 1496 795 1569 εἰς
823 1491 1027 1560 δόλον
1053 1491 1185 1561 τιν’
1207 1491 1329 1582 ἥδ’
1362 1522 1510 1581 αγει
1540 1505 1959 1590 φρυκτωρία,

510 1588 846 1679 μαθόντες
872 1595 1139 1683 έχθρων
1163 1595 1461 1685 μηχανὰς
1485 1601 1912 1671 κατασκόπου

509 1692 1100 1783 βουλευσόμεσθα·
1132 1695 1320 1785 τήνδ’
1352 1707 1479 1787 ἔχω
1508 1728 1821 1825 γνωμην,
1868 1700 2056 1787 ἅναξ.
2185 1726 2289 1779 130

503 1793 659 1864 τάδε
688 1800 894 1884 δοκεῖ,
923 1798 1081 1867 τάδε
1107 1804 1557 1890 μεταθέμενος
1580 1804 1743 1874 νόει.
2000 1829 2141 1899 στρ.

507 1896 810 1987 σφαλερὰ
838 1896 905 1968 δ’
939 1928 1022 1971 ου
1052 1909 1228 1989 φιλῶ
1256 1912 1645 1996 στρατηγων
1672 1907 1898 1997 κράτη.

509 2007 581 2068 τί
615 1998 742 2089 γὰρ
773 2028 1050 2090 αμεινον
1073 1999 1120 2091 ἢ

508 2101 888 2189 ταχυβάταν
914 2131 1092 2173 νεων
1117 2106 1455 2176 κατόπταν
1481 2118 1712 2195 μολεῖν

508 2200 770 2283 πέλας
745 2200 784 2274 6
809 2213 882 2273 τί
903 2202 1053 2274 ποτ’
1085 2203 1216 2295 άρα
1246 2212 1456 2289 δαΐοις
2183 2236 2284 2290 135

507 2303 692 2392 πυρὰ
720 2302 868 2374 κατ’
901 2302 1289 2399 ἀντίπρωρα
1316 2312 1771 2402 ναυστάθμων
1799 2322 2083 2399 δαίεται;

276 2412 417 2475 ΕΚ.
497 2402 717 2474 νικᾶτ’
723 2405 1003 2495 ,ἐπειδὴ
1032 2415 1236 2479 πᾶσιν
1262 2406 1541 2485 ανδάνει
1568 2414 1744 2485 τάδε.

504 2513 785 2595 στείχων
812 2508 890 2578 δὲ
933 2516 1132 2598 κοίμα
1175 2514 1594 2603 συμμάχους
1631 2518 1776 2607 τάχ’
1810 2517 1895 2591 ἀν
1918 2524 2196 2612 στρατὸς

503 2606 742 2680 κινοῖτ’
777 2607 1068 2695 ἀκούσας
1096 2618 1464 2709 νυκτέρους
1491 2623 1858 2711 ἐκκλησίας.

504 2710 636 2801 ἐγω
667 2714 744 2784 δὲ
772 2716 1010 2804 πέμψω
1037 2724 1379 2807 πολεμίων
1405 2722 1847 2794 κατάσκοπον.
2180 2744 2283 2800 140

502 2809 633 2884 κάν
659 2819 784 2904 μέν
811 2815 942 2888 τιν’
976 2820 1244 2909 ἐχθρων
1267 2823 1575 2912 μηχανὴν
1599 2826 2005 2916 πυθώμεθα,

505 2914 592 2985 συ
621 2916 818 2985 πάντ’
852 2917 1129 2989 ἀκούσει
1159 2923 1273 2990 καὶ
1302 2950 1539 3049 παρων
1570 2938 1732 2998 εἴσει
1760 2930 2037 3019 λόγους·

502 3014 620 3085 ἐὰν
653 3014 722 3085 δ’
755 3014 1090 3107 ἀπαίρωσ’
1127 3029 1222 3102 εἰς
1251 3023 1481 3112 φυγὴν
1508 3025 1905 3120 ὁρμώμενοι,

501 3117 864 3207 σάλπιγγος
891 3116 1112 3207 αυδὴν
1138 3130 1539 3213 προσδοκων
1566 3133 1947 3223 καραδόκει,

500 3245 590 3299 ως
619 3216 702 3289 οὐ
732 3221 1070 3310 μενοῦντά
1094 3220 1202 3311 μ·
1233 3221 1405 3295 ἀλλά
1432 3238 1769 3321 προσμίξω
1796 3264 1975 3307 νεων
2184 3256 2283 3309 145

498 3317 756 3394 ὁλκοῖσι
783 3322 1028 3407 νυκτὸς
1057 3324 1250 3416 τῆσδ’
1285 3326 1390 3401 ἐπ’
1418 3328 1741 3423 Ἀργείων
1767 3346 2047 3432 στρατῷ.

893 3446 1315 3505 131-136·-··
1229 3484 1315 3497 --
1338 3452 1537 3507 195—
1549 3456 1655 3511 200
