2534 3917
273 185 357 249 88

285 568 413 628 ΟΡ.

281 877 399 935 ΙΦ.

286 1387 412 1446 ΟΡ.

280 1489 397 1548 ΙΦ.

285 2305 412 2364 ΟΡ.

275 2509 396 2568 ΙΦ.

283 2715 410 2774 ΟΡ.

274 2817 397 2876 ΙΦ.

280 3330 409 3388 ΟΡ.

272 3431 395 3491 ΙΦ.

714 184 1171 243 ΙΦΙΓΕΝΕΙΛ
1212 184 1282 240 H
1313 183 1432 241 EN
1477 185 1842 242 ΤΑΥΡΟΙΣ

511 350 763 442 χθονὸς
790 349 921 421 ἀπὸ
955 356 1276 440 πατρίδος

505 455 867 546 Ἀργόθεν,
900 445 956 522 ὦ
984 461 1200 541 φίλος.
1664 461 1668 466 ’
2191 473 2300 530 830

505 555 690 646 κάγώ
721 578 796 626 σε
822 556 947 644 τὴν
972 563 1362 642 θανοῦσαν,
1395 552 1484 636 ὥς
1511 555 1867 639 δοξάζεται.

510 659 676 729 κατὰ
704 660 781 728 δὲ
812 660 1106 749 δάκρυα,
1137 655 1306 726 κατὰ
1338 658 1414 728 δὲ
1442 657 1597 745 γόος
1628 655 1764 746 ἅμα
1789 666 1963 750 χαρᾷ

513 761 585 832 τὸ
616 760 739 832 σὸν
768 769 1009 845 νοτίζει
1037 763 1418 850 βλέφαρον,
1455 757 1775 840 ὡσαύτως
1805 758 1870 831 δ’
1904 762 2086 850 ἐμόν.

508 861 643 934 τότ’
681 871 776 934 ἔτι
804 867 1057 952 βρέφος
1086 869 1319 932 ἔλιπον
1351 869 1586 933 ἔλιπον
1617 859 1936 952 ἀγκάλαις

511 967 586 1036 σὲ
612 965 861 1057 νεαρὸν
890 972 1153 1054 τροφοῦ
1181 962 1430 1054 νεαρὸν
1460 969 1534 1035 ἐν
1561 965 1812 1054 δόμοις.
2191 985 2294 1041 835

509 1061 564 1139 ὦ
590 1085 905 1159 κρεῖσσον
930 1065 973 1156 ἦ
1003 1068 1306 1157 λόγοισιν
1336 1063 1639 1156 εὐτυχῶν
1655 1076 1886 1158 τυχᾶν.

512 1180 581 1240 τί
603 1179 747 1259 φῶ;
781 1172 1152 1259 θαυμάτων
1180 1173 1352 1261 πέρα
1379 1172 1494 1240 καὶ
1523 1170 1732 1259 λόγου

515 1274 745 1365 πρόσω
774 1271 922 1345 τάδ’
957 1277 1185 1362 ἐπέβα.
2191 1293 2299 1348 84⁰

506 1375 580 1446 τὸ
611 1375 850 1446 λοιπὸν
879 1372 1276 1464 εὐτυχοῖμεν
1308 1371 1615 1463 ἀλλήλων
1643 1378 1825 1464 μέτα.

506 1475 757 1548 ἄτοπον
786 1474 1043 1562 ἡδονάν
1071 1484 1350 1566 ἔλαβον,
1387 1467 1442 1547 ὦ
1471 1484 1665 1566 φίλαι
1686 1501 1700 1516 ·

510 1583 785 1651 δέδοικα
812 1577 879 1649 δ’
913 1583 985 1648 ἐκ
1014 1586 1235 1670 χερῶν
1262 1607 1346 1667 με
1376 1578 1466 1668 μὴ
1496 1579 1664 1670 πρὸς
1692 1584 1939 1671 αἰθέρα

510 1680 933 1771 ἀμπτάμενος
961 1682 1148 1772 φύγῃ
1168 1704 1183 1719 ·

514 1776 569 1854 ὦ
596 1791 1042 1868 Κυκλωπίδες
1077 1789 1323 1872 ἑστίαι,
1356 1776 1409 1853 ὦ
1438 1792 1696 1876 πατρίς,
2191 1802 2299 1857 845

421 1944 427 1950 .
508 1888 813 1977 Μυκήνα
843 1895 1030 1977 φίλα,

509 1991 708 2081 χάριν
736 1998 863 2079 ε”χω
895 1991 1077 2078 ζόας,
1107 1991 1308 2079 χάριν
1337 1998 1463 2079 ἔχω
1494 1995 1769 2080 τροφᾶς,

509 2091 611 2163 ὅτι
640 2122 754 2182 μοι
782 2100 1247 2182 συνομαίμονα

508 2196 706 2265 τόνδε
735 2196 1044 2284 δόμοισιν
1072 2196 1414 2284 ἐξεθρέψω
1444 2195 1632 2284 φάος.

506 2299 690 2384 γένει
718 2298 843 2385 μὲν
873 2293 1325 2386 εὐτυχοῦμεν,
1360 2304 1453 2380 εἰς
1485 2298 1562 2368 δὲ
1596 2297 1964 2388 συμφοράς,
2181 2310 2292 2366 850

508 2389 563 2468 οἷ
587 2396 895 2487 σύγγον’,
926 2395 1118 2488 ἡμῶν
1147 2398 1481 2488 δυστυχὴς
1509 2407 1642 2489 ἔφυ
1670 2408 1833 2489 βίος.

504 2496 635 2590 ἐγω
689 2507 919 2588 μέλεος
955 2502 1062 2572 οἶδ
1082 2508 1123 2589 ’,
1172 2502 1284 2571 ὅτε
1335 2503 1687 2593 φάσγανον

508 2607 673 2696 δέρᾳ
713 2611 888 2694 θῆκέ
918 2633 1032 2695 μοι
1069 2605 1469 2695 μελεόφρων
1501 2606 1741 2695 πατήρ,

513 2718 711 2797 οἴμοι.
744 2713 923 2778 δοκῶ
952 2708 1080 2798 γὰρ
1111 2705 1196 2778 οὐ
1217 2709 1460 2797 ,παρών
1487 2706 1552 2777 σ’
1586 2706 1756 2797 ὁρᾶν
1786 2711 1941 2777 ἐκεῖ.
2193 2723 2298 2776 δόὃ

506 2807 943 2898 ἀνυμέναιος,
980 2803 1035 2879 (5
1060 2807 1368 2900 σύγγον’,
1394 2808 1742 2898 Ἀχιλλέως

508 2918 603 2991 είς
629 2920 895 2981 κλισίαν
924 2914 1223 3002 λέκτρων

509 3011 687 3083 δόλι’
724 3009 827 3082 ὅτ’
862 3010 1151 3102 ἀγόμαν·

508 3113 691 3207 παρὰ
720 3115 797 3186 δὲ
824 3114 1058 3204 βωμὸν
1083 3108 1171 3204 ἦν
1198 3118 1464 3205 δάκρυα
1491 3120 1604 3189 καὶ
1631 3118 1800 3206 γόοι;
2137 3109 2167 3137 ’
2191 3131 2306 3186 860

507 3226 643 3308 φεῦ
671 3225 808 3308 φεῦ
835 3226 1169 3310 χερνίβων
1206 3223 1359 3289 ἐκεῖ.

506 3319 745 3413 ᾤμωξα
775 3318 960 3411 κάγώ
993 3321 1245 3411 τόλμαν
1268 3319 1356 3412 ἢν
1383 3330 1536 3412 ἔτλη
1566 3323 1800 3412 πατήρ.

503 3421 785 3515 ἀπάτορ’
819 3421 1120 3515 ἀπάτορα
1149 3425 1405 3514 πότμον
1435 3433 1693 3514 ἔλαχον.

506 3522 674 3594 ἄλλα
706 3523 771 3594 δ’
806 3530 869 3607 ἐξ
895 3523 1120 3595 ἄλλων
1147 3543 1363 3616 κυρεῖ.
1459 3593 1466 3602 ,
2191 3541 2300 3596 865
