2534 3917
249 397 399 461 XO.

1118 218 1399 277 ΡΗΣΟΣ
2143 216 2265 281 311

480 384 756 472 ὁπλίζου
781 388 978 477 χέρα,
1006 386 1393 475 συμμάχων,
2010 410 2151 477 στρ.

467 488 708 580 Ἕκτορ
727 540 748 577 ,
777 495 946 577 βᾶθι
974 486 1142 579 πρὸς
1170 486 1393 575 εὐνάς,

487 590 779 684 ὄτρυνον
805 598 996 679 ἔγχος
1026 592 1309 678 ἀείρειν,
1342 593 1760 679 ἀφύπνισον,
2204 616 2267 667 25

486 698 703 782 πέμπε
733 699 976 783 φίλους
1005 693 1176 763 ἰέναι
1203 694 1355 763 ποτὶ
1384 692 1508 763 σὸν
1533 692 1755 781 λόχον,

485 794 818 885 ἁρμόσατε
844 800 1111 879 ψαλίοις
1137 800 1402 876 ἵππους.

486 906 585 979 τίς
615 895 738 969 εἷσ’
771 899 880 969 ἐπὶ
903 903 1334 984 Πανθοΐδαν,

485 996 531 1089 ἦ
557 998 676 1071 τὸν
695 996 1066 1089 Εὐρώπας,
1099 1007 1379 1069 Λυκίων
1408 996 1579 1089 ἀγὸν
1606 997 1915 1093 ἀνδρῶν;

488 1110 622 1174 ποῦ
650 1109 962 1192 σφαγίων
989 1109 1262 1192 ἔφοροι;
2201 1124 2271 1178 30

488 1212 622 1276 ποῦ
654 1204 729 1274 δὲ
757 1203 1120 1294 γυμνήτων
1147 1204 1508 1294 μόναρχοι;

485 1306 839 1398 τοξοφόροι
871 1306 948 1377 δὲ
975 1314 1273 1398 Φρυγῶν

485 1411 804 1497 ζεύγνυτε
829 1409 1153 1498 κερόδετα
1180 1408 1337 1493 τόξα
1364 1424 1659 1500 νευραῖς.

257 1521 398 1585 ΕΚ.
479 1512 560 1583 τὰ
588 1512 713 1602 μὲν
741 1509 1084 1602 ἀγγέλλεις
1113 1508 1373 1601 δείματ’
1408 1507 1705 1599 ἀκούειν,

259 2237 400 2301 ΧΟ.

485 1615 565 1685 τὰ
593 1614 669 1684 δὲ
695 1613 1098 1705 θαρσύνεις,
1125 1608 1377 1685 κούδὲν
1400 1620 1751 1705 καθαρῶς·
2204 1634 2269 1687 35

487 1712 633 1787 ἀλλ’
666 1707 711 1805 ἦ
739 1724 1042 1808 Κρονίου
1066 1714 1299 1797 Πανὸς
1325 1724 1618 1810 τρομερᾷ

486 1820 752 1908 μάστιγι
783 1827 1016 1907 φοβεῖς
1049 1816 1381 1906 [φυλακὰς
1408 1818 1485 1888 δὲ
1513 1817 1729 1888 λιπών

487 1938 698 2002 κινεῖς
724 1919 1042 2009 στρατιάν
1059 1927 1098 2005 ·]
1129 1928 1201 1989 τί
1221 1930 1488 2008 θροεῖς;
1520 1928 1590 1991 τί
1618 1941 1693 1991 σε
1722 1927 1833 2009 φῶ

485 2026 645 2097 νέον
671 2020 1057 2112 ἀγγέλλειν;
1085 2021 1299 2092 πολλὰ
1327 2021 1454 2113 γὰρ
1486 2021 1695 2093 είπών

489 2123 696 2195 οὐδὲν
721 2132 981 2215 τρανῶς
1007 2122 1376 2207 ἀπέδειξας.
2201 2147 2270 2195 40

486 2225 647 2318 πύρ’
679 2238 868 2299 αἴθει
895 2227 1175 2319 στρατὸς
1196 2226 1535 2317 Ἀργόλας,
1999 2226 2139 2297 ἀντ.

469 2326 706 2420 Ἕκτορ
723 2382 742 2419 ,
774 2336 996 2401 πᾶσαν
1021 2328 1130 2400 ἀν’
1163 2327 1453 2423 ὄρφναν,

490 2439 752 2522 διιπετῆ
784 2431 860 2503 δὲ
888 2440 1068 2503 νεῶν
1091 2448 1373 2523 πυρσοῖς
1398 2432 1683 2521 σταθμά.

489 2544 615 2618 πᾶς
642 2533 707 2605 δ’
751 2532 1282 2625 Ἀγαμεμνονίαν
1312 2535 1609 2625 προσέβα
1636 2533 1915 2625 στρατὸς

489 2638 796 2727 ἐννύχιος
827 2638 1110 2729 θορύβῳ
1136 2638 1417 2726 σκηνάν,
2204 2654 2270 2704 45

489 2742 652 2810 νέαν
680 2734 810 2811 τιν’
851 2741 1190 2830 ἐφιέμενοι

492 2843 704 2931 βάξιν.
741 2838 825 2913 οὐ
855 2842 983 2933 γάρ
1012 2868 1116 2911 πω
1148 2840 1359 2931 πάρος
1388 2830 1515 2910 οἷδ’
1550 2840 1861 2930 ἐφοβήθη

486 2945 894 3033 ναυσιπόρος
919 2943 1214 3032 στρατιά.

491 3049 600 3119 σοὶ
627 3044 719 3135 δ’,
746 3044 1152 3118 ὑποπτεύων
1181 3042 1252 3115 τὸ
1279 3048 1545 3134 μέλλον,

488 3100 760 3238 ἤλυθ’όν
787 3145 1100 3238 αγγελος,
1135 3177 1226 3229 ως
2203 3162 2272 3213 50

488 3251 747 3340 μήποτέ
773 3248 905 3322 τιν’
939 3254 1006 3333 ἐς
1033 3252 1148 3341 ἐμὲ·
1171 3252 1425 3340 μέμψιν
1454 3260 1662 3342 εἴπῃς.

260 3362 398 3425 ΕΚ.
484 3360 578 3435 εἰς
605 3352 845 3445 καιρόν
868 3345 1110 3444 ἦλθες,
1143 3357 1385 3443 καίπερ
1418 3350 1761 3441 ἀγγέλλων
1788 3350 2038 3440 φόβον·

487 3452 732 3547 ανδρες
760 3485 888 3548 γαρ
917 3459 992 3526 ἐκ
1019 3464 1140 3546 γῆς
1166 3460 1367 3544 τῆσδε
1394 3458 1698 3549 νυκτέρω
1726 3454 1941 3543 πλάτῃ

969 3578 1038 3632 23
1058 3602 1125 3615 -·
1147 3576 1216 3633 33
1238 3596 1325 3625 ==
1348 3579 1412 3632 41
1429 3579 1590 3631 -51
