<?xml version="1.0" encoding="UTF-8"?>
<!DOCTYPE html PUBLIC "-//W3C//DTD XHTML 1.0 Transitional//EN"
    "http://www.w3.org/TR/xhtml1/DTD/xhtml1-transitional.dtd">
<html xmlns="http://www.w3.org/1999/xhtml" xml:lang="en" lang="en">
 <head>
  <title>
</title>
<meta http-equiv="Content-Type" content="text/html;charset=utf-8" />
  <meta name='ocr-system' content='tesseract 3.04.00' />
  <meta name='ocr-capabilities' content='ocr_page ocr_carea ocr_par ocr_line ocrx_word'/>
</head>
<body>
  <div class='ocr_page' id='page_1' title='image "./evripidistragoe04eurigoog_0067.png"; bbox 0 0 2534 3917; ppageno 0'>
   <div class='ocr_carea' id='block_1_1' title="bbox 359 156 1863 217">
    <p class='ocr_par' dir='ltr' id='par_1_1' title="bbox 359 156 1863 217">
     <span class='ocr_line' id='line_1_1' title="bbox 359 156 1863 217; baseline -0.003 0"><span class='ocrx_word' id='word_1_1' title='bbox 359 156 433 217; x_wconf 79' lang='lat'><strong><em>10</em></strong></span> <span class='ocrx_word' id='word_1_2' title='bbox 800 158 1256 215; x_wconf 85' lang='grc' dir='ltr'><em>ΙΦΙΓΕΝΕΙΑ</em></span> <span class='ocrx_word' id='word_1_3' title='bbox 1291 156 1364 213; x_wconf 83' lang='grc' dir='ltr'><em>Η</em></span> <span class='ocrx_word' id='word_1_4' title='bbox 1395 158 1511 215; x_wconf 88' lang='grc' dir='ltr'><strong><em>ΕΝ</em></strong></span> <span class='ocrx_word' id='word_1_5' title='bbox 1551 156 1863 213; x_wconf 79' lang='grc' dir='ltr'><em>ΑΤΛΙΔΙ</em></span> 
     </span>
    </p>
   </div>
   <div class='ocr_carea' id='block_1_2' title="bbox 569 324 2355 3631">
    <p class='ocr_par' dir='ltr' id='par_1_2' title="bbox 569 324 2355 3631">
     <span class='ocr_line' id='line_1_2' title="bbox 588 324 2352 413; baseline 0.002 -21"><span class='ocrx_word' id='word_1_6' title='bbox 588 327 870 394; x_wconf 81' lang='grc' dir='ltr'><em>ἑλίσσων</em></span> <span class='ocrx_word' id='word_1_7' title='bbox 895 324 1051 413; x_wconf 82' lang='grc' dir='ltr'><strong><em>περὶ</em></strong></span> <span class='ocrx_word' id='word_1_8' title='bbox 1079 330 1290 403; x_wconf 89' lang='grc' dir='ltr'><strong><em>νίκας.</em></strong></span> <span class='ocrx_word' id='word_1_9' title='bbox 1980 397 1994 409; x_wconf 65' lang='grc'>,</span> <span class='ocrx_word' id='word_1_10' title='bbox 2250 344 2352 397; x_wconf 78' lang='grc'><strong><em>215</em></strong></span> 
     </span>
     <span class='ocr_line' id='line_1_3' title="bbox 589 420 1429 514; baseline -0.002 -21"><span class='ocrx_word' id='word_1_11' title='bbox 589 420 624 493; x_wconf 84' lang='grc' dir='ltr'>ὁ</span> <span class='ocrx_word' id='word_1_12' title='bbox 655 425 730 493; x_wconf 71' lang='grc' dir='ltr'><strong><em>δὲ</em></strong></span> <span class='ocrx_word' id='word_1_13' title='bbox 758 425 1169 514; x_wconf 77' lang='grc' dir='ltr'><em>διφρηλάτας</em></span> <span class='ocrx_word' id='word_1_14' title='bbox 1201 421 1429 510; x_wconf 75' lang='grc' dir='ltr'><strong><em>ἐβοᾶτ’</em></strong></span> 
     </span>
     <span class='ocr_line' id='line_1_4' title="bbox 588 522 1371 615; baseline -0.003 -21"><span class='ocrx_word' id='word_1_15' title='bbox 588 522 896 613; x_wconf 72' lang='grc' dir='ltr'><strong><em>Εὔμηλος</em></strong></span> <span class='ocrx_word' id='word_1_16' title='bbox 925 524 1371 615; x_wconf 77' lang='grc' dir='ltr'><strong><em>Φερητιάδας,</em></strong></span> 
     </span>
     <span class='ocr_line' id='line_1_5' title="bbox 591 618 1337 719; baseline -0.003 -24"><span class='ocrx_word' id='word_1_17' title='bbox 591 618 646 719; x_wconf 73' lang='grc' dir='ltr'><em>ᾦ</em></span> <span class='ocrx_word' id='word_1_18' title='bbox 676 636 1065 707; x_wconf 76' lang='grc' dir='ltr'><strong><em>καλλίστους</em></strong></span> <span class='ocrx_word' id='word_1_19' title='bbox 1097 626 1337 714; x_wconf 81' lang='grc' dir='ltr'><em>ἰδόμαν</em></span> 
     </span>
     <span class='ocr_line' id='line_1_6' title="bbox 581 728 1508 817; baseline -0.003 -19"><span class='ocrx_word' id='word_1_20' title='bbox 581 728 1187 817; x_wconf 76' lang='grc' dir='ltr'><strong><em>χρυσοδαιδάλτους</em></strong></span> <span class='ocrx_word' id='word_1_21' title='bbox 1216 736 1508 815; x_wconf 77' lang='grc' dir='ltr'><strong><em>στομίοις</em></strong></span> 
     </span>
     <span class='ocr_line' id='line_1_7' title="bbox 588 828 2355 920; baseline -0.001 -21"><span class='ocrx_word' id='word_1_22' title='bbox 588 828 853 909; x_wconf 69' lang='grc' dir='ltr'><strong><em>πώλους</em></strong></span> <span class='ocrx_word' id='word_1_23' title='bbox 880 832 1134 920; x_wconf 74' lang='grc' dir='ltr'><strong><em>κέντρῳ</em></strong></span> <span class='ocrx_word' id='word_1_24' title='bbox 1167 832 1626 917; x_wconf 79' lang='grc' dir='ltr'><strong><em>θεινομένους,</em></strong></span> <span class='ocrx_word' id='word_1_25' title='bbox 2247 847 2355 899; x_wconf 77' lang='lat'><strong><em>220</em></strong></span> 
     </span>
     <span class='ocr_line' id='line_1_8' title="bbox 586 928 1480 1018; baseline -0.002 -18"><span class='ocrx_word' id='word_1_26' title='bbox 586 928 742 1009; x_wconf 83' lang='grc' dir='ltr'><strong><em>τούς</em></strong></span> <span class='ocrx_word' id='word_1_27' title='bbox 772 930 895 1018; x_wconf 72' lang='grc' dir='ltr'><strong><em>μὲν</em></strong></span> <span class='ocrx_word' id='word_1_28' title='bbox 923 933 1164 1017; x_wconf 83' lang='grc' dir='ltr'><strong><em>μέσους</em></strong></span> <span class='ocrx_word' id='word_1_29' title='bbox 1193 936 1480 1017; x_wconf 73' lang='grc' dir='ltr'><strong><em>ζυγίους,</em></strong></span> 
     </span>
     <span class='ocr_line' id='line_1_9' title="bbox 586 1028 1543 1122; baseline 0 -22"><span class='ocrx_word' id='word_1_30' title='bbox 586 1038 1027 1122; x_wconf 73' lang='grc' dir='ltr'><strong><em>λευκοστίκτῳ</em></strong></span> <span class='ocrx_word' id='word_1_31' title='bbox 1048 1032 1220 1120; x_wconf 83' lang='grc' dir='ltr'><strong><em>τριχὶ</em></strong></span> <span class='ocrx_word' id='word_1_32' title='bbox 1247 1028 1543 1118; x_wconf 82' lang='grc' dir='ltr'><strong><em>βαλιούς,</em></strong></span> 
     </span>
     <span class='ocr_line' id='line_1_10' title="bbox 587 1129 1479 1223; baseline -0.001 -22"><span class='ocrx_word' id='word_1_33' title='bbox 587 1130 743 1213; x_wconf 77' lang='grc' dir='ltr'><strong><em>τοὺς</em></strong></span> <span class='ocrx_word' id='word_1_34' title='bbox 770 1129 834 1201; x_wconf 88' lang='grc' dir='ltr'><strong><em>δ’</em></strong></span> <span class='ocrx_word' id='word_1_35' title='bbox 870 1136 990 1215; x_wconf 81' lang='grc' dir='ltr'><strong><em>ἔξω</em></strong></span> <span class='ocrx_word' id='word_1_36' title='bbox 1019 1132 1479 1223; x_wconf 84' lang='grc' dir='ltr'><strong><em>σειροφόρους,</em></strong></span> 
     </span>
     <span class='ocr_line' id='line_1_11' title="bbox 587 1232 1557 1323; baseline -0.002 -20"><span class='ocrx_word' id='word_1_37' title='bbox 587 1232 891 1323; x_wconf 82' lang='grc' dir='ltr'><strong><em>ἀντήρεις</em></strong></span> <span class='ocrx_word' id='word_1_38' title='bbox 919 1250 1238 1320; x_wconf 81' lang='grc' dir='ltr'><strong><em>καμπαῖσι</em></strong></span> <span class='ocrx_word' id='word_1_39' title='bbox 1265 1232 1557 1322; x_wconf 83' lang='grc' dir='ltr'><strong><em>δρόμων,</em></strong></span> 
     </span>
     <span class='ocr_line' id='line_1_12' title="bbox 589 1330 2343 1424; baseline -0.001 -19"><span class='ocrx_word' id='word_1_40' title='bbox 589 1335 1063 1424; x_wconf 85' lang='grc' dir='ltr'><strong><em>πυρσότριχας,</em></strong></span> <span class='ocrx_word' id='word_1_41' title='bbox 1092 1333 1423 1422; x_wconf 84' lang='grc' dir='ltr'><strong><em>μονόχαλα</em></strong></span> <span class='ocrx_word' id='word_1_42' title='bbox 1455 1330 1521 1402; x_wconf 89' lang='grc' dir='ltr'><strong><em>δ’</em></strong></span> <span class='ocrx_word' id='word_1_43' title='bbox 1556 1330 1688 1401; x_wconf 80' lang='grc' dir='ltr'><strong><em>ὑπὸ</em></strong></span> <span class='ocrx_word' id='word_1_44' title='bbox 1716 1331 1939 1422; x_wconf 84' lang='grc' dir='ltr'><strong><em>σφυρὰ</em></strong></span> <span class='ocrx_word' id='word_1_45' title='bbox 2245 1353 2343 1403; x_wconf 72' lang='lat'><strong><em>225</em></strong></span> 
     </span>
     <span class='ocr_line' id='line_1_13' title="bbox 587 1430 1814 1525; baseline -0.002 -20"><span class='ocrx_word' id='word_1_46' title='bbox 587 1439 1174 1525; x_wconf 80' lang='grc' dir='ltr'><strong><em>ποικιλοδέρμονας</em></strong></span> <span class='ocrx_word' id='word_1_47' title='bbox 1192 1457 1206 1471; x_wconf 91' lang='grc'><em>·</em></span> <span class='ocrx_word' id='word_1_48' title='bbox 1237 1430 1337 1514; x_wconf 83' lang='grc' dir='ltr'><strong><em>οἷς</em></strong></span> <span class='ocrx_word' id='word_1_49' title='bbox 1364 1435 1814 1522; x_wconf 77' lang='grc' dir='ltr'><strong><em>παρεπάλλετο</em></strong></span> 
     </span>
     <span class='ocr_line' id='line_1_14' title="bbox 585 1532 1837 1627; baseline -0.002 -22"><span class='ocrx_word' id='word_1_50' title='bbox 585 1541 918 1625; x_wconf 79' lang='grc' dir='ltr'><strong><em>Πηλεΐδας</em></strong></span> <span class='ocrx_word' id='word_1_51' title='bbox 945 1534 1076 1605; x_wconf 78' lang='grc' dir='ltr'><strong><em>σὺν</em></strong></span> <span class='ocrx_word' id='word_1_52' title='bbox 1105 1533 1364 1606; x_wconf 79' lang='grc' dir='ltr'><strong><em>ὅπλοισι</em></strong></span> <span class='ocrx_word' id='word_1_53' title='bbox 1393 1532 1551 1627; x_wconf 86' lang='grc' dir='ltr'><strong><em>παρ’</em></strong></span> <span class='ocrx_word' id='word_1_54' title='bbox 1586 1532 1837 1623; x_wconf 72' lang='grc' dir='ltr'><strong><em>ἄντυγα</em></strong></span> 
     </span>
     <span class='ocr_line' id='line_1_15' title="bbox 587 1635 2350 1729; baseline 0 -22"><span class='ocrx_word' id='word_1_55' title='bbox 587 1640 700 1707; x_wconf 82' lang='grc' dir='ltr'><strong><em>καὶ</em></strong></span> <span class='ocrx_word' id='word_1_56' title='bbox 728 1637 1048 1728; x_wconf 77' lang='grc' dir='ltr'><strong><em>σύριγγας</em></strong></span> <span class='ocrx_word' id='word_1_57' title='bbox 1078 1635 1493 1729; x_wconf 80' lang='grc' dir='ltr'><strong><em>ἁρματείους.</em></strong></span> <span class='ocrx_word' id='word_1_58' title='bbox 2247 1655 2350 1709; x_wconf 80' lang='grc'><strong><em>230</em></strong></span> 
     </span>
     <span class='ocr_line' id='line_1_16' title="bbox 587 1734 2241 1829; baseline -0.002 -20"><span class='ocrx_word' id='word_1_59' title='bbox 587 1746 771 1809; x_wconf 76' lang='grc' dir='ltr'><strong><em>ναῶν</em></strong></span> <span class='ocrx_word' id='word_1_60' title='bbox 804 1736 868 1808; x_wconf 90' lang='grc' dir='ltr'><strong><em>δ’</em></strong></span> <span class='ocrx_word' id='word_1_61' title='bbox 905 1744 997 1819; x_wconf 81' lang='grc' dir='ltr'><strong><em>εἰς</em></strong></span> <span class='ocrx_word' id='word_1_62' title='bbox 1024 1734 1318 1829; x_wconf 77' lang='grc' dir='ltr'><strong><em>ἀριθμὸν</em></strong></span> <span class='ocrx_word' id='word_1_63' title='bbox 1345 1734 1608 1825; x_wconf 79' lang='grc' dir='ltr'><strong><em>ἤλυθον</em></strong></span> <span class='ocrx_word' id='word_1_64' title='bbox 2102 1760 2241 1827; x_wconf 89' lang='grc' dir='ltr'><strong><em>στρ.</em></strong></span> 
     </span>
     <span class='ocr_line' id='line_1_17' title="bbox 591 1838 1338 1931; baseline -0.001 -22"><span class='ocrx_word' id='word_1_65' title='bbox 591 1844 701 1910; x_wconf 84' lang='grc' dir='ltr'><strong><em>καὶ</em></strong></span> <span class='ocrx_word' id='word_1_66' title='bbox 730 1844 901 1911; x_wconf 84' lang='grc' dir='ltr'><strong><em>θέαν</em></strong></span> <span class='ocrx_word' id='word_1_67' title='bbox 931 1838 1338 1931; x_wconf 83' lang='grc' dir='ltr'><strong><em>ἀθέσφατον,</em></strong></span> 
     </span>
     <span class='ocr_line' id='line_1_18' title="bbox 592 1938 1663 2032; baseline -0.002 -21"><span class='ocrx_word' id='word_1_68' title='bbox 592 1940 716 2011; x_wconf 80' lang='grc' dir='ltr'><strong><em>τὰν</em></strong></span> <span class='ocrx_word' id='word_1_69' title='bbox 741 1958 1134 2032; x_wconf 75' lang='grc' dir='ltr'><strong><em>γυναικεῖον</em></strong></span> <span class='ocrx_word' id='word_1_70' title='bbox 1161 1939 1323 2024; x_wconf 76' lang='grc' dir='ltr'><strong><em>ὄψιν</em></strong></span> <span class='ocrx_word' id='word_1_71' title='bbox 1350 1938 1663 2029; x_wconf 78' lang='grc' dir='ltr'><strong><em>ὀμμάτων</em></strong></span> 
     </span>
     <span class='ocr_line' id='line_1_19' title="bbox 589 2039 1681 2133; baseline -0.005 -18"><span class='ocrx_word' id='word_1_72' title='bbox 589 2040 677 2125; x_wconf 77' lang='grc' dir='ltr'><strong><em>ὦς</em></strong></span> <span class='ocrx_word' id='word_1_73' title='bbox 704 2044 1018 2133; x_wconf 87' lang='grc' dir='ltr'><strong><em>πλήσαιμι</em></strong></span> <span class='ocrx_word' id='word_1_74' title='bbox 1036 2096 1054 2131; x_wconf 83' lang='grc'><strong><em>,</em></strong></span> <span class='ocrx_word' id='word_1_75' title='bbox 1083 2050 1385 2131; x_wconf 89' lang='grc' dir='ltr'><strong><em>μείλινον</em></strong></span> <span class='ocrx_word' id='word_1_76' title='bbox 1412 2039 1681 2113; x_wconf 79' lang='grc' dir='ltr'><strong><em>ἁδονάν.</em></strong></span> 
     </span>
     <span class='ocr_line' id='line_1_20' title="bbox 586 2136 2345 2233; baseline -0.005 -18"><span class='ocrx_word' id='word_1_77' title='bbox 586 2150 698 2215; x_wconf 81' lang='grc' dir='ltr'><strong><em>καὶ</em></strong></span> <span class='ocrx_word' id='word_1_78' title='bbox 723 2151 917 2233; x_wconf 86' lang='grc' dir='ltr'><strong><em>κέρας</em></strong></span> <span class='ocrx_word' id='word_1_79' title='bbox 943 2145 1066 2233; x_wconf 70' lang='grc' dir='ltr'><strong><em>μὲν</em></strong></span> <span class='ocrx_word' id='word_1_80' title='bbox 1093 2136 1178 2231; x_wconf 87' lang='grc' dir='ltr'><strong><em>ἦν</em></strong></span> <span class='ocrx_word' id='word_1_81' title='bbox 2241 2156 2345 2207; x_wconf 65' lang='lat'><strong><em>*235</em></strong></span> 
     </span>
     <span class='ocr_line' id='line_1_21' title="bbox 588 2244 1279 2333; baseline 0 -20"><span class='ocrx_word' id='word_1_82' title='bbox 588 2244 808 2326; x_wconf 85' lang='grc' dir='ltr'><strong><em>δεξιὸν</em></strong></span> <span class='ocrx_word' id='word_1_83' title='bbox 836 2246 1082 2325; x_wconf 86' lang='grc' dir='ltr'><strong><em>πλάτας</em></strong></span> <span class='ocrx_word' id='word_1_84' title='bbox 1111 2252 1279 2333; x_wconf 80' lang='grc' dir='ltr'><strong><em>ἔχων</em></strong></span> 
     </span>
     <span class='ocr_line' id='line_1_22' title="bbox 582 2340 1599 2435; baseline 0 -22"><span class='ocrx_word' id='word_1_85' title='bbox 582 2343 894 2423; x_wconf 72' lang='grc' dir='ltr'><strong><em>Φθιώτας</em></strong></span> <span class='ocrx_word' id='word_1_86' title='bbox 922 2340 957 2413; x_wconf 85' lang='grc' dir='ltr'>ὁ</span> <span class='ocrx_word' id='word_1_87' title='bbox 985 2343 1372 2435; x_wconf 72' lang='grc' dir='ltr'><strong><em>Μυρμιδὼν</em></strong></span> <span class='ocrx_word' id='word_1_88' title='bbox 1396 2342 1599 2434; x_wconf 80' lang='grc' dir='ltr'><strong><em>’Ἀρης</em></strong></span> 
     </span>
     <span class='ocr_line' id='line_1_23' title="bbox 581 2444 1576 2537; baseline -0.002 -22"><span class='ocrx_word' id='word_1_89' title='bbox 581 2444 990 2533; x_wconf 82' lang='grc' dir='ltr'><strong><em>πεντήκοντα</em></strong></span> <span class='ocrx_word' id='word_1_90' title='bbox 1017 2447 1220 2514; x_wconf 77' lang='grc' dir='ltr'><strong><em>ναυσὶ</em></strong></span> <span class='ocrx_word' id='word_1_91' title='bbox 1244 2454 1576 2537; x_wconf 87' lang='grc' dir='ltr'><strong><em>θουρίαις.</em></strong></span> 
     </span>
     <span class='ocr_line' id='line_1_24' title="bbox 579 2543 1809 2637; baseline 0.002 -23"><span class='ocrx_word' id='word_1_92' title='bbox 579 2549 886 2635; x_wconf 80' lang='grc' dir='ltr'><strong><em>χρυσέαις</em></strong></span> <span class='ocrx_word' id='word_1_93' title='bbox 914 2543 981 2615; x_wconf 86' lang='grc' dir='ltr'><strong><em>δ’</em></strong></span> <span class='ocrx_word' id='word_1_94' title='bbox 1016 2546 1266 2616; x_wconf 83' lang='grc' dir='ltr'><strong><em>εἰκόσιν</em></strong></span> <span class='ocrx_word' id='word_1_95' title='bbox 1294 2544 1439 2615; x_wconf 86' lang='grc' dir='ltr'><strong><em>κατ’</em></strong></span> <span class='ocrx_word' id='word_1_96' title='bbox 1472 2544 1642 2637; x_wconf 71' lang='grc' dir='ltr'><strong><em>ἄκρα</em></strong></span> <span class='ocrx_word' id='word_1_97' title='bbox 1671 2556 1809 2635; x_wconf 85' lang='grc' dir='ltr'><strong><em>Νη·-</em></strong></span> 
     </span>
     <span class='ocr_line' id='line_1_25' title="bbox 581 2651 2339 2738; baseline 0.001 -22"><span class='ocrx_word' id='word_1_98' title='bbox 581 2651 781 2738; x_wconf 82' lang='grc' dir='ltr'><strong><em>ρῇδες</em></strong></span> <span class='ocrx_word' id='word_1_99' title='bbox 809 2651 1090 2718; x_wconf 80' lang='grc' dir='ltr'><strong><em>ἔστασαν</em></strong></span> <span class='ocrx_word' id='word_1_100' title='bbox 1119 2658 1300 2737; x_wconf 88' lang='grc' dir='ltr'><strong><em>θεαί,</em></strong></span> <span class='ocrx_word' id='word_1_101' title='bbox 2238 2666 2339 2717; x_wconf 75' lang='lat'><strong><em>240</em></strong></span> 
     </span>
     <span class='ocr_line' id='line_1_26' title="bbox 578 2746 1815 2841; baseline -0.001 -23"><span class='ocrx_word' id='word_1_102' title='bbox 578 2748 911 2838; x_wconf 80' lang='grc' dir='ltr'><strong><em>πρύμναις</em></strong></span> <span class='ocrx_word' id='word_1_103' title='bbox 938 2747 1080 2837; x_wconf 85' lang='grc' dir='ltr'><strong><em>σῆμ’</em></strong></span> <span class='ocrx_word' id='word_1_104' title='bbox 1120 2746 1483 2837; x_wconf 86' lang='grc' dir='ltr'><strong><em>’Λχιλλείου</em></strong></span> <span class='ocrx_word' id='word_1_105' title='bbox 1512 2756 1815 2841; x_wconf 84' lang='grc' dir='ltr'><strong><em>στρατοῦ.</em></strong></span> 
     </span>
     <span class='ocr_line' id='line_1_27' title="bbox 569 2846 2233 2942; baseline 0 -25"><span class='ocrx_word' id='word_1_106' title='bbox 569 2846 888 2938; x_wconf 77' lang='grc' dir='ltr'><strong><em>Ἀργείων</em></strong></span> <span class='ocrx_word' id='word_1_107' title='bbox 917 2850 992 2917; x_wconf 72' lang='grc' dir='ltr'><strong><em>δὲ</em></strong></span> <span class='ocrx_word' id='word_1_108' title='bbox 1018 2848 1234 2919; x_wconf 74' lang='grc' dir='ltr'><strong><em>ταῖσδ’</em></strong></span> <span class='ocrx_word' id='word_1_109' title='bbox 1271 2852 1607 2942; x_wconf 83' lang='grc' dir='ltr'><strong><em>ἰσήρετμοι</em></strong></span> <span class='ocrx_word' id='word_1_110' title='bbox 2094 2849 2233 2919; x_wconf 77' lang='grc' dir='ltr'><strong><em>ἀντ.</em></strong></span> 
     </span>
     <span class='ocr_line' id='line_1_28' title="bbox 576 2953 1297 3031; baseline -0.001 -11"><span class='ocrx_word' id='word_1_111' title='bbox 576 2957 731 3030; x_wconf 80' lang='grc' dir='ltr'><strong><em>νᾶες</em></strong></span> <span class='ocrx_word' id='word_1_112' title='bbox 759 2954 1040 3019; x_wconf 80' lang='grc' dir='ltr'><strong><em>ἕστασαν</em></strong></span> <span class='ocrx_word' id='word_1_113' title='bbox 1066 2953 1267 3031; x_wconf 86' lang='grc' dir='ltr'><strong><em>πέλας</em></strong></span> <span class='ocrx_word' id='word_1_114' title='bbox 1283 2975 1297 2989; x_wconf 88' lang='grc'><em>·</em></span> 
     </span>
     <span class='ocr_line' id='line_1_29' title="bbox 579 3041 1651 3142; baseline 0.004 -22"><span class='ocrx_word' id='word_1_115' title='bbox 579 3041 676 3120; x_wconf 74' lang='grc' dir='ltr'><strong><em>οἷν</em></strong></span> <span class='ocrx_word' id='word_1_116' title='bbox 703 3047 738 3121; x_wconf 83' lang='grc' dir='ltr'>ὁ</span> <span class='ocrx_word' id='word_1_117' title='bbox 767 3054 1162 3139; x_wconf 81' lang='grc' dir='ltr'><strong><em>Μηκιστέως</em></strong></span> <span class='ocrx_word' id='word_1_118' title='bbox 1191 3052 1651 3142; x_wconf 85' lang='grc' dir='ltr'><strong><em>στρατηλάτας·</em></strong></span> 
     </span>
     <span class='ocr_line' id='line_1_30' title="bbox 576 3143 2337 3244; baseline 0.001 -23"><span class='ocrx_word' id='word_1_119' title='bbox 576 3169 729 3233; x_wconf 86' lang='grc' dir='ltr'><strong><em>παῖς</em></strong></span> <span class='ocrx_word' id='word_1_120' title='bbox 757 3143 874 3240; x_wconf 81' lang='grc' dir='ltr'><strong><em>ἦν,</em></strong></span> <span class='ocrx_word' id='word_1_121' title='bbox 915 3151 1166 3231; x_wconf 89' lang='grc' dir='ltr'><strong><em>Ταλαὸς</em></strong></span> <span class='ocrx_word' id='word_1_122' title='bbox 1195 3148 1277 3222; x_wconf 76' lang='grc' dir='ltr'><strong><em>ὃν</em></strong></span> <span class='ocrx_word' id='word_1_123' title='bbox 1306 3159 1537 3244; x_wconf 86' lang='grc' dir='ltr'><strong><em>τρέφει</em></strong></span> <span class='ocrx_word' id='word_1_124' title='bbox 1565 3156 1778 3244; x_wconf 86' lang='grc' dir='ltr'><strong><em>πατήρ</em></strong></span> <span class='ocrx_word' id='word_1_125' title='bbox 1796 3177 1811 3192; x_wconf 90' lang='grc'><em>·</em></span> <span class='ocrx_word' id='word_1_126' title='bbox 2238 3172 2337 3223; x_wconf 74' lang='lat'><strong><em>245</em></strong></span> 
     </span>
     <span class='ocr_line' id='line_1_31' title="bbox 574 3257 1225 3334; baseline 0 -12"><span class='ocrx_word' id='word_1_127' title='bbox 574 3257 939 3333; x_wconf 87' lang='grc' dir='ltr'><strong><em>Καπανέως</em></strong></span> <span class='ocrx_word' id='word_1_128' title='bbox 971 3281 1041 3322; x_wconf 89' lang='grc' dir='ltr'><strong><em>τε</em></strong></span> <span class='ocrx_word' id='word_1_129' title='bbox 1072 3270 1225 3334; x_wconf 78' lang='grc' dir='ltr'><strong><em>παῖς</em></strong></span> 
     </span>
     <span class='ocr_line' id='line_1_32' title="bbox 573 3352 1735 3446; baseline 0.005 -24"><span class='ocrx_word' id='word_1_130' title='bbox 573 3358 946 3435; x_wconf 86' lang='grc' dir='ltr'><strong><em>Σθένελος·</em></strong></span> <span class='ocrx_word' id='word_1_131' title='bbox 983 3352 1291 3437; x_wconf 87' lang='grc' dir='ltr'><strong><em>Ἀτθίδος</em></strong></span> <span class='ocrx_word' id='word_1_132' title='bbox 1318 3356 1384 3427; x_wconf 90' lang='grc' dir='ltr'><strong><em>δ’</em></strong></span> <span class='ocrx_word' id='word_1_133' title='bbox 1418 3355 1602 3446; x_wconf 76' lang='grc' dir='ltr'><strong><em>ἄγων</em></strong></span> <span class='ocrx_word' id='word_1_134' title='bbox 1726 3360 1735 3367; x_wconf 69' lang='grc'><strong>’</strong></span> 
     </span>
     <span class='ocr_line' id='line_1_33' title="bbox 576 3452 1443 3544; baseline 0.003 -21"><span class='ocrx_word' id='word_1_135' title='bbox 576 3453 890 3543; x_wconf 79' lang='grc' dir='ltr'><strong><em>ἑξήκοντα</em></strong></span> <span class='ocrx_word' id='word_1_136' title='bbox 918 3464 1082 3537; x_wconf 86' lang='grc' dir='ltr'><strong><em>ναῦς</em></strong></span> <span class='ocrx_word' id='word_1_137' title='bbox 1111 3452 1146 3525; x_wconf 83' lang='grc' dir='ltr'>ὁ</span> <span class='ocrx_word' id='word_1_138' title='bbox 1179 3462 1443 3544; x_wconf 82' lang='grc' dir='ltr'><strong><em>Θησέως</em></strong></span> 
     </span>
     <span class='ocr_line' id='line_1_34' title="bbox 951 3575 1717 3631; baseline 0.004 -4"><span class='ocrx_word' id='word_1_139' title='bbox 951 3575 1146 3629; x_wconf 81' lang='lat'>231-</span> <span class='ocrx_word' id='word_1_140' title='bbox 1165 3576 1258 3629; x_wconf 73' lang='lat'><strong><em>241</em></strong></span> <span class='ocrx_word' id='word_1_141' title='bbox 1290 3595 1376 3624; x_wconf 81' lang='lat'><strong><em>==</em></strong></span> <span class='ocrx_word' id='word_1_142' title='bbox 1400 3576 1503 3631; x_wconf 74' lang='lat'><strong><em>242</em></strong></span> <span class='ocrx_word' id='word_1_143' title='bbox 1525 3604 1585 3612; x_wconf 87' lang='grc'><strong><em>-</em></strong></span> <span class='ocrx_word' id='word_1_144' title='bbox 1613 3579 1717 3631; x_wconf 75' lang='lat'><strong><em>252</em></strong></span> 
     </span>
    </p>
   </div>
  </div>
 </body>
</html>
