2534 3917
285 170 410 233 268
1081 166 1467 225 ΟΡΕΣΤΗΣ

288 349 447 410 ΜΕ.
518 345 748 407 ἔασον·
787 340 862 405 ἐν
891 322 1154 427 ε’μαυτῶ
1186 362 1250 402 τι
1283 332 1798 420 συννοούμενος,

523 438 676 509 ὅποι
705 439 1054 525 τράπωμαι
1086 443 1200 524 τῆς
1230 434 1433 521 τύχης
1468 430 1806 522 ἀμηχανῶ.
2200 452 2311 507 635

295 550 425 613 ΟΡ.
513 540 605 630 μή
638 569 771 610 νυν
799 542 1074 628 πέραινε
1108 535 1232 626 τὴν
1263 536 1576 624 δόκησιν,
1613 533 1762 603 ἀλλ’
1796 535 1997 625 ἐμοὺς

520 644 761 731 λόγους
795 639 1090 721 ἀκούσας
1123 638 1420 729 πρόσθε,
1450 636 1789 724 βουλεύου
1815 637 1984 707 τότε.

291 756 448 817 ΜΕ.
513 743 694 834 λέγ’·
727 772 804 813 ευ
839 742 967 832 γὰρ
1000 742 1206 823 εἶπας.
1246 748 1384 810 ἔστι
1419 736 1484 808 δ’
1518 730 1605 808 οὗ
1635 738 1787 827 σιγὴ
1822 739 2029 826 λόγου

524 854 856 937 κρείσσων
890 840 1141 934 γένοιτ’
1183 839 1302 929 ἄν,
1340 850 1477 911 ἔστι
1506 838 1573 909 δ’
1608 832 1695 910 οὗ
1722 849 1913 929 σιγῆς
1942 840 2157 929 λόγος.

297 958 426 1020 ΟΡ.
515 944 771 1036 λέγοιμ’
807 942 892 1015 ἀν
916 944 1066 1034 ἤδη.
1099 944 1180 1014 τὰ
1205 941 1430 1034 μακρὰ
1457 950 1595 1012 τῶν
1620 950 1925 1033 σμικρῶν
1952 943 2174 1031 λόγων
2200 960 2311 1015 640

523 1052 936 1141 ἐπίπροσθέν
965 1052 1101 1117 ε’στι
1133 1048 1247 1116 καὶ
1276 1052 1460 1135 σαφῆ
1494 1052 1749 1133 μᾶλλον
1790 1044 2045 1115 κλύειν.

523 1155 667 1240 ἐμοὶ
701 1148 787 1220 σύ
820 1156 956 1219 τῶν
987 1157 1149 1238 σῶν,
1179 1152 1561 1234 Μενέλεως,
1597 1147 1809 1235 μηδὲν
1836 1153 2056 1234 δίδου,

525 1252 567 1323 ἃ
602 1252 666 1324 δ’
708 1261 950 1340 ἔλαβες·
975 1250 1225 1334 ἀπόδος
1252 1249 1500 1342 πατρὸς
1529 1253 1693 1337 ἐμοῦ
1724 1249 1953 1337 λαβὼν
1986 1250 2185 1340 πάρα.

524 1354 607 1427 οὐ
634 1352 914 1449 χρήματ’
949 1355 1172 1423 εἷπον·
1203 1350 1511 1444 χρήματ’,
1547 1348 1633 1440 ἢν
1656 1351 1885 1439 ψυχὴν
1911 1350 2079 1439 ἐμὴν

525 1459 778 1547 σῶσῃς,
811 1454 978 1545 ἅπερ
1014 1484 1125 1543 μοι
1157 1452 1422 1544 φίλτατ’
1458 1456 1595 1523 ἐστὶ
1628 1460 1763 1523 τῶν
1797 1457 1995 1543 ἐμῶν.
2202 1470 2309 1523 645

526 1557 771 1628 ἀδικῶ·
809 1566 1044 1645 λαβεῖν
1074 1556 1200 1648 χρή
1233 1554 1305 1644 μ’
1346 1553 1498 1625 ἀντὶ
1526 1563 1731 1627 τοῦδε
1759 1564 1881 1626 τοῦ
1910 1564 2123 1625 κακοῦ

526 1660 765 1731 ἄδικόν
789 1687 853 1729 τι
881 1658 1061 1750 παρὰ
1089 1666 1214 1729 σοῦ
1232 1681 1246 1695 ·
1284 1660 1397 1729 καὶ
1423 1656 1552 1749 γὰρ
1574 1656 2006 1747 Ἀγαμέμνων
2033 1656 2253 1747 πατὴρ

525 1762 774 1845 ἀδίκως
801 1759 1128 1852 ἀθροίσας
1146 1758 1408 1831 Ἑλλάδ’
1442 1751 1604 1849 ἦλθ’
1628 1759 1739 1829 ὑπ’
1755 1758 1993 1846 Ἴλιον,

525 1864 649 1935 οὐκ
679 1864 1062 1954 ἐξαμαρτὼν
1092 1861 1328 1951 αὐτός,
1361 1860 1511 1933 ἀλλ’
1544 1860 1873 1953 ἁμαρτίαν

523 1976 636 2057 τῆς
666 1976 786 2056 σῆς
813 1966 1133 2056 γυναικὸς
1169 1965 1442 2037 ἀδικίαν
1476 1962 1535 2033 τ’
1571 1964 1870 2053 ίῶμενος.
2203 1980 2309 2035 650

528 2066 604 2140 ἓν
629 2071 753 2159 μὲν
784 2067 927 2141 τόδ’
960 2068 1122 2158 ἡμῖν
1149 2066 1315 2138 ἀνθ’
1351 2067 1499 2149 ἑνὸς
1526 2073 1775 2136 δοῦναί
1802 2088 1879 2135 σε
1907 2064 2053 2154 χρή.

527 2170 808 2241 ἀπέδοτο
840 2170 930 2257 δ’,
963 2168 1051 2251 ῶς
1078 2170 1202 2259 χρὴ
1234 2187 1371 2250 τοῖς
1398 2177 1657 2257 φίλοισι
1684 2167 1840 2249 τούς
1870 2174 2137 2257 φίλους,

526 2274 599 2343 τὸ
630 2271 798 2362 σῶμ’
833 2270 1141 2361 ἀληθῶς,
1177 2275 1287 2341 σοὶ
1313 2267 1473 2361 παρ’
1507 2267 1739 2340 ἀσπίδ’
1773 2275 2099 2357 ἐκπονῶν,

525 2373 706 2455 ὅπως
737 2374 824 2444 σὺ
853 2374 977 2463 τὴν
1005 2373 1133 2461 σὴν
1161 2371 1522 2460 ἀπολάβοις
1542 2372 1893 2461 ξυνάορον.

527 2474 847 2546 ἀπότισον
879 2466 1008 2546 οὖν
1033 2504 1145 2565 μοι
1174 2473 1376 2547 ταύτὸ
1406 2472 1592 2545 τοῦτ’
1627 2479 1770 2545 ἐκεῖ
1790 2473 2040 2562 λαβῶν,
2206 2490 2310 2547 655

528 2586 689 2668 μίαν
718 2578 1012 2668 πονήσας
1038 2576 1295 2668 ἡμέραν
1321 2576 1513 2667 ἡμῶν
1539 2574 1713 2668 ὕπερ

522 2681 847 2773 σωτήριος
874 2681 1062 2770 στάς,
1092 2680 1183 2771 μὴ
1215 2680 1359 2752 δέκ’
1394 2679 1721 2768 ἐκπλήσας
1750 2686 1882 2767 ἔτη.

527 2816 568 2854 α
597 2782 663 2854 δ’
696 2782 912 2865 Αὐλὶς
941 2792 1138 2873 ἔλαβε
1147 2782 1403 2911 σφάγι’
1438 2788 1595 2871 ἐμῆς
1627 2778 2033 2872 ὁμοσπόρου,

529 2892 616 2956 ἐῶ
649 2884 714 2953 σ’
753 2894 928 2974 ἔχειν
956 2884 1200 2956 ταῦθ’
1224 2883 1584 2975 Ἑρμιόνην
1610 2883 1699 2973 μὴ
1728 2900 1949 2954 κτεῖνε
1980 2882 2087 2953 σύ.

529 2994 638 3056 δεῖ
669 2988 798 3077 γάρ
827 2983 890 3054 σ’
925 2991 1088 3074 ἐμοῦ
1118 2987 1531 3077 πρασσοντος
1546 2984 1635 3067 ῶς
1653 2986 1927 3076 πράσσω
1956 2985 2037 3055 τὰ
2064 2969 2195 3055 νῦν
2206 3001 2315 3057 660

528 3092 732 3159 πλέον
762 3090 1129 3178 φέρεσθαι,
1157 3087 1327 3176 κάμὲ
1358 3088 1767 3179 συγγνώμην
1796 3097 1991 3177 ἔχειν.

527 3188 750 3279 ψυχήν
780 3188 844 3259 δ’
880 3188 1045 3279 ἐμὴν
1075 3190 1189 3271 δὸς
1215 3197 1309 3284 τῷ
1341 3191 1741 3284 ταλαιπώρῳ
1769 3194 1970 3282 πατρὶ
2062 3199 2073 3205 ’

531 3290 742 3382 κάμῆς
771 3290 1100 3382 ἀδελφῆς,
1131 3296 1483 3385 παρθένου
1511 3293 1773 3383 μακρὸν
1797 3295 2041 3385 χρόνον
2059 3315 2075 3331 ·

531 3394 770 3463 θανῶν
795 3393 924 3485 γάρ
955 3396 1144 3467 οἶκον
1173 3394 1481 3485 ὀρφανὸν
1508 3404 1717 3477 λείψω
1747 3395 2014 3485 πατρός.

531 3501 703 3585 ἐρεῖς
752 3497 1120 3567 ἀδύνατον·
1176 3495 1341 3567 αὐτὸ
1371 3505 1599 3567 τοῦτο·
1630 3497 1787 3576 τοὺς
1809 3504 2051 3585 φίλους
2207 3510 2311 3567 665
