2534 3917
267 356 392 422 IA.

1089 182 1441 240 ΜΗΔΕῙΑ
2162 182 2283 246 237

500 341 555 419 ὦ
581 365 806 440 μῖσος,
839 341 895 419 ὦ
925 352 1241 439 μέγιστον
1269 354 1544 439 ἐχθίστη
1575 352 1779 440 γύναι

501 464 692 532 θεοῖς
719 480 788 522 τε
818 449 1018 540 κάμοὶ
1045 459 1253 522 παντί
1277 450 1343 521 τ’
1378 451 1768 543 ἀνθρώπων
1798 459 2001 545 γένει,

503 551 650 644 ἥτις
679 559 971 624 τέκνοισι
999 569 1216 625 σοῖσιν
1246 560 1564 644 ἐμβαλεῖν
1589 560 1781 645 ξίφος
2156 576 2289 630 1325

506 664 694 746 ἔτλης
721 664 1008 727 τεκοῦσα
1048 654 1206 746 κάμ’
1241 656 1475 729 ἄπαιδ’
1512 656 1890 740 ἀπώλεσας·

503 763 616 830 καὶ
642 767 852 829 ταῦτα
883 758 1164 848 δράσασ’
1197 757 1394 848 ἥλιόν
1422 789 1493 831 τε
1521 765 1963 853 προσβλέπεις

505 865 620 933 καὶ
647 878 880 950 γαῖαν,
913 870 1112 951 ἔργον
1141 870 1349 933 τλᾶσα
1380 867 1932 952 δυσσεβέστατον.

507 961 675 1034 ὅλοι’
698 987 712 1000 ·
743 963 874 1052 ἐγώ
904 965 979 1035 δὲ
1005 971 1138 1034 νῦν
1168 974 1439 1056 φρονῶ,
1470 962 1607 1036 τότ’
1642 964 1724 1037 οὐ
1755 974 2033 1057 φρονῶν

506 1063 602 1135 ὅτ’
647 1070 719 1135 ἐκ
751 1066 980 1154 δόμων
1007 1089 1082 1138 σε
1110 1067 1461 1158 βαρβάρου
1490 1067 1550 1137 τ’
1584 1067 1715 1139 ἀπὸ
1745 1068 1997 1158 χθονὸς
2158 1086 2291 1139 1330

487 1165 761 1256 ’Ἕλλην’
795 1172 862 1250 ἐς
891 1168 1078 1239 οἷκον
1103 1168 1400 1258 ἠγόμην,
1437 1169 1650 1240 κακὸν
1675 1175 1867 1259 μέγα,

505 1269 754 1361 πατρός
781 1299 852 1341 τε
880 1273 994 1341 καὶ
1023 1279 1143 1360 γῆς
1172 1273 1496 1363 προδότιν
1524 1269 1573 1360 ἥ
1604 1270 1667 1340 σ’
1704 1276 2058 1360 ἐθρέψατο.

506 1376 762 1445 τοιόνδ’
794 1371 1106 1462 ἄλάστορ’
1145 1383 1238 1454 εἰς
1272 1373 1376 1462 ἔμ’
1410 1382 1713 1462 ἔσκηψαν
1742 1380 1931 1444 θεοί·

507 1483 846 1546 κτανοῦσα
874 1476 1002 1568 γὰρ
1032 1472 1116 1564 δὴ
1146 1475 1268 1546 σὸν
1294 1477 1491 1548 κάσιν
1518 1481 1899 1566 παρέστιον,

504 1575 580 1647 τὸ
609 1586 1078 1671 καλλίπρῳρον
1107 1582 1368 1668 είσέβης
1402 1577 1681 1670 Ἀργοῦς
1709 1579 1987 1667 σκάφος.
2162 1595 2294 1648 1335

505 1677 686 1768 ἤρξω
715 1680 840 1768 μὲν
867 1685 940 1750 ἐκ
976 1687 1294 1770 τοιῶνδε,
1324 1693 1803 1770 ννμφευθεΐσα
1836 1682 1912 1752 δὲ

375 1807 380 1812 ’
504 1780 665 1872 παρ’
699 1780 904 1872 ἀνδρὶ
931 1788 1105 1875 τῷδε
1131 1785 1245 1852 καὶ
1280 1785 1566 1853 τεκοῦσά
1591 1811 1703 1871 μοι
1731 1786 1951 1870 τέκνα,

397 1965 412 1974 ·
509 1881 714 1973 εὐνῆς
745 1887 928 1956 ἕκατι
957 1888 1072 1954 καὶ
1098 1886 1332 1972 λέχους
1360 1882 1480 1974 σφ’
1515 1883 1883 1966 ἀπώλεσας.

504 1984 631 2056 οὐκ
660 1995 842 2058 ἔστιν
867 1984 1012 2076 ἥτις
1038 1983 1220 2056 τοῦτ’
1256 1983 1343 2057 ἄν
1362 1984 1660 2076 Ἑλληνὶς
1686 1986 1862 2076 γυνὴ

506 2096 658 2176 ἔτλη
689 2087 881 2178 ποθ’,
914 2079 1014 2160 οἶν
1040 2117 1118 2178 γε
1145 2090 1450 2180 πρόσθεν
1476 2086 1715 2177 ἠξίουν
1742 2089 1875 2177 ἐγω
2166 2105 2299 2159 1340

503 2199 720 2280 γῆμαί
741 2214 851 2280 σε,
880 2198 1089 2280 κῆδος
1116 2190 1369 2282 ἐχθρὸν
1399 2188 1719 2282 ὀλέθριόν
1745 2188 1807 2260 τ’
1842 2195 2010 2280 ἐμοί,

505 2295 815 2382 λέαιναν,
846 2291 928 2364 οὐ
956 2310 1283 2383 γυναῖκα,
1312 2302 1430 2383 τῆς
1466 2299 1884 2384 Τυρσηνίδος

507 2397 824 2485 Σκύλλης
855 2404 1144 2485 ἔχουσαν
1173 2394 1592 2487 ἆγριωτέραν
1626 2397 1853 2484 φύσιν.

507 2495 655 2568 ἀλλ’
697 2495 780 2568 οὐ
814 2498 943 2590 γὰρ
973 2496 1058 2569 ἄν
1087 2520 1165 2569 σε
1189 2508 1458 2590 μυρίοις
1487 2495 1783 2570 ὀνείδεσι

508 2602 812 2689 δάκοιμι·
844 2598 1101 2670 τοιόνδ’
1135 2602 1489 2690 ἐμπέφυκέ
1508 2623 1615 2670 σοι
1648 2601 1906 2690 θράσος
1925 2623 1939 2637 ·
2163 2615 2298 2669 1345

511 2701 680 2793 ἔρρ’,
711 2703 1095 2794 αίσχροποιὲ
1122 2705 1237 2772 καὶ
1263 2704 1522 2772 τέκνων
1548 2702 1885 2791 μιαιφόνε.

510 2807 656 2894 ἐμοὶ
685 2806 760 2876 δὲ
785 2804 907 2876 τὸν
935 2803 1096 2893 ἐμὸν
1125 2800 1391 2893 δαίμον’
1424 2805 1674 2888 αἰάζειν
1700 2802 1899 2894 πάρα,

510 2903 582 2989 ὃς
611 2906 770 2979 οὔτε
799 2910 1098 2999 λέκτρων
1123 2908 1479 2997 νεογάμων
1506 2903 1851 2996 ὀνήσομαι,

513 3006 596 3079 οὐ
627 3018 870 3093 παῖδας
899 3006 1019 3094 οὓς
1047 3019 1268 3100 ἔφνσα
1298 3007 1819 3101 κάξεθρεψάμην

510 3116 634 3195 ἔξω
663 3131 1053 3205 προσειπεῖν
1081 3121 1361 3202 ζῶντας,
1394 3110 1544 3184 ἀλλ’
1579 3110 1911 3183 ἀπώλεσα.
2163 3124 2297 3180 1350

286 3221 449 3284 ΜΗ.
505 3214 770 3304 μακρὰν
798 3211 885 3287 ἄν
913 3220 1202 3300 ἐξέτεινα
1228 3214 1443 3288 τοῖσδ’
1478 3220 1787 3286 ἐναντίον

513 3318 850 3407 λόγοισιν,
881 3319 1054 3409 εἰμὴ
1087 3318 1260 3400 Ζεὺς
1292 3316 1511 3409 πατὴρ
1541 3315 1863 3408 ἠπίστατο

513 3414 601 3488 οἷ’
643 3421 708 3501 ἐξ
740 3423 905 3508 ἐμοῦ
934 3424 1279 3506 πέπονθας
1308 3417 1418 3491 οἷά
1443 3416 1504 3489 τ’
1542 3419 1861 3510 εἰργάσω·
