2534 3917
270 151 395 215 262
1079 154 1462 212 ΟΡΕΣΤΗΣ

278 332 405 392 ΟΡ.
504 333 748 392 θανεῖν
779 318 899 391 ὑπ’
934 319 1156 391 ἀστῶν
1187 329 1483 413 λευσίμῳ
1513 321 1912 409 πετρώματι.

270 434 429 495 ΜΕ.
497 415 644 515 κᾷτ’
678 421 830 511 οὐχὶ
859 424 1134 511 φεύγεις
1162 432 1283 512 γῆς
1314 421 1718 513 ὑπερβαλών
1746 421 1982 513 ὅρους;

277 535 407 595 ΟΡ.
498 525 724 620 κύκλῳ
753 524 880 617 γὰρ
913 526 1343 613 εἱλισσόμεθα
1372 526 1775 613 παγχάλκοις
1804 523 2054 607 ὅπλοις.

272 637 429 697 ΜΕ.
495 635 634 719 ἰδίᾳ
662 626 829 718 πρὸς
857 632 1123 718 ἐχθρῶν
1149 624 1193 716 ἢ
1223 626 1389 718 πρὸς
1410 624 1711 718 Ἀργείας
1738 629 1965 719 χερός;
2175 646 2284 699 445

277 739 406 798 ΟΡ.
495 730 767 800 πάντων
797 729 964 819 πρὸς
993 728 1243 817 ἀστῶν,
1277 726 1365 811 ῶς
1392 730 1585 799 θάνω
1603 752 1618 767 ·
1651 730 1903 820 βραχὺς
1930 731 2145 819 λόγος.

270 840 430 901 ΜΕ.
499 823 555 900 ῶ
583 835 848 919 μέλεος,
878 829 1062 921 ἥκεις
1089 835 1435 922 ξυμφορᾶς
1469 840 1561 913 εἰς
1582 833 1967 919 τοῦσχατον.

276 941 406 1002 ΟΡ.
504 940 598 1013 εἰς
626 931 688 1002 σ’
723 935 906 1014 ἐλπὶς
952 929 1087 1022 ἡμὴ
1142 932 1695 1022 καταφυγὰςέχει
1723 942 1968 1003 κακῶν.

505 1032 652 1104 ἀλλ’
687 1033 943 1117 ἀθλίως
969 1036 1383 1126 πράσσουσιν
1413 1033 1695 1124 εὐτυχὴς
1722 1035 1946 1124 μολῶν

502 1138 779 1225 μετάδος
808 1145 1063 1227 φίλοισι
1092 1153 1268 1208 σοῖσι
1296 1144 1415 1227 σῆς
1444 1135 1822 1228 εὐπραξίας,
2059 1223 2066 1228 ᾖ
2174 1155 2284 1209 450

502 1243 615 1311 καὶ
643 1238 732 1328 μὴ
762 1241 964 1329 μόνος
996 1238 1068 1309 τὸ
1096 1240 1385 1330 χρηστὸν
1411 1238 1773 1329 άπολαβῶν
1802 1248 1927 1329 ἔχε,

500 1340 649 1412 ἀλλ’
682 1340 1032 1427 ἀντιλάζου
1060 1346 1173 1411 καὶ
1205 1343 1437 1413 πόνων
1464 1348 1537 1413 ἐν
1564 1350 1655 1434 τῷ
1685 1346 1891 1433 μέρει,

497 1444 766 1533 χάριτας
794 1443 1101 1538 πατρῴας
1130 1449 1413 1514 ἐκτίνων
1450 1447 1517 1525 ἐς
1548 1444 1668 1527 οὕς
1711 1466 1786 1514 σε
1816 1452 1937 1515 δεῖ.
2062 1482 2065 1487 ’

503 1542 714 1632 ὄνομα
742 1545 869 1634 γάρ
887 1597 904 1631 ,
939 1552 1137 1634 ἔργον
1166 1542 1233 1613 δ’
1267 1543 1393 1615 οὐκ
1424 1554 1693 1633 ἔχουσιν
1720 1553 1788 1616 oc
1810 1554 1998 1637 φίλοι

503 1652 573 1715 οἱ
593 1645 682 1733 μὴ
705 1643 804 1716 ’πὶ
832 1662 1008 1716 ταῖσι
1037 1662 1413 1739 συμφοραῖς
1442 1645 1629 1729 ὅντες
1658 1656 1866 1736 φίλοι.
2175 1666 2283 1720 455

272 1756 417 1817 ΧΟ.
502 1751 615 1817 καὶ
642 1748 776 1836 μὴν
805 1750 1069 1839 γέροντι
1103 1747 1295 1840 δεῦρ’
1329 1746 1679 1839 ἁμιλλᾶται
1710 1753 1868 1820 ποδὶ

503 1848 538 1922 ὁ
569 1850 992 1940 Σπαρτιάτης
1031 1852 1461 1941 Τυνδάρεως,
1493 1852 1956 1941 μελάμπεπλος

501 1959 718 2045 κουρᾷ
744 1982 814 2024 τε
841 1956 1182 2045 θυγατρὸς
1210 1963 1519 2046 πενθίμῳ
1549 1956 1970 2045 κεκαρμένος.

275 2063 407 2124 ΟΡ.
502 2054 896 2147 ἀπωλόμην,
926 2060 1271 2128 Μενέλαε·
1313 2058 1710 2145 Τυνδάρεως
1739 2053 1854 2127 ’ὅδε

502 2168 742 2244 στείχει
771 2159 937 2250 πρὸς
965 2156 1166 2247 ἡμᾶς,
1198 2152 1284 2228 οὗ
1311 2157 1574 2247 μάλιστ’
1607 2160 1813 2239 αἰδῶς
1840 2157 1911 2248 μ’
1946 2166 2075 2247 ἔχει
2173 2177 2275 2232 460

502 2267 594 2340 εἰς
624 2257 861 2347 ὄμματ’
896 2264 1124 2329 ἐλθεῖν
1152 2276 1367 2330 τοῖσιν
1396 2264 1939 2352 ἐξειργασμένοις.

501 2364 613 2429 καὶ
642 2360 767 2449 γάρ
798 2358 870 2447 μ’
905 2368 1154 2450 ἔθρεψε
1185 2360 1429 2449 μικρὸν
1456 2360 1653 2450 ὅντα,
1684 2363 1897 2434 πολλὰ
1926 2365 2000 2433 δὲ

505 2459 824 2550 φιλήματ’
860 2464 1207 2551 ἐξέπλησε,
1237 2462 1357 2533 τὸν
1380 2461 1865 2553 Ἀγαμέμνονος
1994 2540 1999 2545 ,

503 2560 691 2633 παῖδ’
723 2560 1073 2651 ἀγκάλαισι
1100 2569 1519 2655 περιφέρων,
1547 2567 1738 2655 Λήδα
1765 2565 1839 2636 θ’
1874 2564 2027 2655 ἅμα,

502 2669 788 2755 τιμῶντέ
810 2664 880 2755 μ’
915 2664 1118 2738 οὐδὲν
1149 2660 1360 2757 ἧσσον
1388 2666 1432 2758 ἢ
1460 2669 1844 2760 Διοσκόρω·
2168 2683 2277 2739 465

501 2766 633 2857 οἷς,
665 2760 721 2839 οἷ
749 2771 1028 2840 τάλαινα
1056 2776 1303 2860 καρδία
1330 2772 1511 2860 ψυχή
1540 2769 1601 2839 τ’
1636 2772 1779 2860 ἐμή,

498 2868 790 2939 ἀπέδωκ’
825 2870 1102 2960 ἀμοιβὰς
1129 2869 1212 2941 οὐ
1241 2874 1463 2954 καλάς.
1498 2881 1649 2943 τίνα
1677 2872 1917 2943 σκότον

497 2970 678 3058 λάβω
709 2972 1074 3065 προσῶπῳ;
1105 2989 1299 3043 ποῖον
1327 2977 1741 3063 ἐπίπροσθεν
1765 2977 1971 3062 νέφος

497 3079 755 3159 θῶμαι,
786 3075 1098 3164 γέροντος
1127 3072 1441 3163 ὀμμάτων
1471 3078 1749 3165 φεύγων
1787 3078 2025 3166 κόρας;

276 3180 406 3241 ΤΥ.
493 3180 625 3242 ποῦ
655 3180 788 3242 ποῦ
814 3175 1156 3264 θυγατρὸς
1183 3184 1299 3264 τῆς
1330 3180 1489 3265 ἐμῆς
1518 3185 1640 3247 ἴδω
1670 3182 1891 3267 πόσιν,
2168 3194 2275 3248 470

489 3277 887 3361 ·Μενέλαον;
916 3280 1026 3347 ἐπὶ
1054 3275 1181 3368 γὰρ
1210 3286 1302 3372 τῷ
1330 3283 1923 3372 Κλυταιμνήστρας
1951 3280 2143 3371 τάφῳ

498 3376 652 3463 χοὰς
678 3378 990 3466 χεόμενος
1019 3387 1265 3450 ἔκλυον
1295 3378 1383 3462 ῶς
1413 3389 1505 3463 εἰς
1531 3391 1899 3453 Ναυπλίαν

499 3475 647 3565 ἥκοι
677 3479 807 3548 σὺν
836 3478 1052 3572 ἀλόχῳ
1081 3482 1407 3571 πολυετὴς
1426 3488 1859 3572 σεσωσμένος.
