2534 3917
650 170 1112 229 ΙΦΙΓΕΝΕΙΑ
1155 170 1231 228 Η
1265 171 1391 229 ΕΝ
1432 172 1749 233 AYAIAI
2114 171 2197 235 45

407 340 490 411 τὰ
514 341 724 430 νέρθε
756 336 823 408 δ’
857 336 1094 409 οὐδέν·
1124 346 1434 427 μαίνεται
1464 336 1535 410 δ’
1565 336 1639 421 ὃς
1668 338 1933 431 εὔχεται

408 453 676 513 θανεῖν.
707 448 931 522 κακῶς
957 448 1078 530 ζῆν
1103 456 1421 531 κρεῖσσον
1445 437 1491 531 ἢ
1516 451 1738 526 καλῶς
1758 455 2027 516 θανεῖν.

175 554 316 635 XO.
406 537 461 614 ὦ
487 552 740 633 τλῆμον
771 541 1036 632 Ἑλένη,
1068 540 1184 613 διὰ
1210 543 1288 614 σὲ
1312 544 1612 627 καὶτοὺς
1641 546 1805 629 σούς
1828 548 2085 636 γάμους

410 645 598 736 ἄγων
629 644 998 738 Ἀτρείδαις
1025 648 1141 717 καὶ
1167 649 1427 728 τέκνοις
1452 643 1603 736 ἥκει
1630 651 1855 739 μέγας.

173 756 360 821 ΑΓΛ
364 803 380 818 .
411 748 545 838 ἐγὼ
572 750 654 819 τά
681 746 730 818 τ’
760 746 995 840 οἰκτρὰ
1021 749 1301 831 συνετός
1328 756 1466 838 εἰμι
1493 749 1716 821 καὶτὰ
1740 752 1853 841 μή,
2064 770 2199 825 125⁵

407 859 635 941 φιλῶν
662 856 957 941 ἐμαυτοῦ
985 852 1186 922 τέκνα
1203 874 1218 889 ·
1248 860 1618 943 μαινοίμην
1642 853 1773 944 γὰρ
1802 851 1908 925 ἄν.

410 960 652 1035 δεινῶς
680 950 745 1025 δ’
765 960 898 1042 ἔχει
924 979 1038 1041 μοι
1056 960 1266 1025 ταῦτα
1293 962 1635 1044 τολμῆσαι,
1664 956 1891 1046 γύναι,

413 1063 654 1136 δεινῶς
685 1056 762 1127 δὲ
788 1058 903 1126 καὶ
930 1055 1051 1145 μή·
1080 1062 1279 1126 τοῦτο
1308 1054 1439 1147 γὰρ
1468 1061 1721 1150 πρᾶξαί
1753 1086 1837 1148 με
1865 1066 1989 1131 δεῖ.

407 1155 612 1252 ὁρᾶθ’
647 1154 810 1229 ὅσον
843 1160 1220 1249 στράτευμα
1245 1158 1687 1250 ναύφρακτον
1712 1162 1889 1249 τόδε,

404 1263 712 1351 χαλκέων
736 1256 812 1329 θ’
846 1257 1077 1331 ὅπλων
1105 1256 1389 1342 ἄνακτες
1407 1258 1743 1351 Ἑλλήνων
1772 1258 1939 1351 ὅσοι,
2062 1282 2197 1337 1260

405 1360 506 1445 οἷς
532 1363 766 1443 νόστος
794 1360 921 1433 ούκ
950 1360 1084 1433 ἔστ’
1111 1360 1311 1433 Ἰλίου
1338 1362 1642 1454 πύργους
1670 1373 1802 1455 ἔπι,

409 1474 473 1537 εί
494 1465 586 1555 μή
617 1486 692 1536 σε
717 1464 915 1536 θύσω
932 1518 952 1554 ,
979 1466 1214 1555 μάντις
1243 1461 1334 1547 ὥς
1360 1466 1627 1555 Κάλχας
1653 1472 1855 1557 λέγει,

406 1564 562 1639 οὐδ’
609 1574 749 1638 ἔστι
790 1576 1032 1659 Τροίας
1058 1570 1312 1652 ἐξελεῖν
1337 1567 1609 1640 κλεινὸν
1637 1572 1923 1662 βάθρον.

407 1674 659 1762 μέμηνε
687 1666 755 1742 δ’
815 1670 1154 1765 ἀφροδίτη
1181 1699 1281 1753 τις
1299 1668 1635 1762 Ἑλλήνων
1663 1680 1923 1765 στρατῷ

409 1784 605 1846 πλεῖν
635 1771 726 1857 ὥς
752 1774 1026 1863 τάχιστα
1051 1774 1419 1865 βαρβάρων
1446 1776 1557 1845 ἐπὶ
1583 1775 1824 1863 χθόνα,
2062 1792 2197 1848 1265

409 1884 672 1948 παῦσαί
690 1904 762 1947 τε
789 1880 1090 1969 λέκτρων
1116 1873 1425 1968 ἁρπαγὰς
1454 1874 1894 1965 Ἑλληνικῶν·

408 1989 480 2051 οἳ
499 1978 618 2061 τὰς
643 1984 718 2050 ἐν
738 1977 973 2071 ’Ἀργει
1001 1980 1391 2071 παρθένους
1417 1986 1740 2049 κτενοῦσί
1759 2007 1892 2066 μου

408 2078 583 2171 ὑμᾶς
601 2110 673 2153 τε
699 2079 902 2171 κάμέ,
931 2077 1226 2171 θέσφατ’
1261 2088 1327 2150 εί
1348 2080 1533 2151 λύσω
1560 2087 1746 2162 θεᾶς.

408 2180 492 2255 ού
520 2185 884 2266 Μενέλεώς
909 2212 993 2273 με
1029 2183 1648 2272 καταδεδούλωται,
1678 2187 1938 2273 τέκνον,

409 2283 567 2357 οὐδ’
601 2291 710 2357 ἐπὶ
737 2285 812 2358 τὸ
840 2293 1076 2358 κείνου
1094 2286 1512 2375 βουλόμενον
1531 2286 1853 2377 ἐλήλυθα,
2067 2303 2198 2359 1270

411 2385 559 2459 ἀλλ’
597 2386 859 2477 Ἑλλάς,
889 2380 934 2479 ᾖ
963 2394 1101 2476 aar,
1130 2382 1260 2459 κᾶν
1288 2392 1470 2459 θέλω
1497 2384 1628 2459 κᾶν
1653 2390 1744 2479 μὴ
1773 2392 1979 2478 θέλω,

409 2498 632 2562 θῦσαί
649 2514 726 2563 σε
743 2515 758 2530 ·
792 2491 1036 2563 τούτου
1064 2488 1132 2560 δ’
1162 2487 1443 2580 ἥσσονες
1468 2495 1912 2580 καθέσταμεν.

411 2597 785 2687 ἐλευθέραν
811 2593 942 2684 γὰρ
971 2599 1014 2664 δ
1018 2609 1084 2663 εἴ
1104 2622 1218 2663 νιν
1245 2592 1408 2665 ὅσον
1434 2598 1511 2664 έν
1537 2602 1677 2679 σοί,
1705 2596 1965 2681 τέκνον,

410 2692 613 2785 κάμοὶ
639 2698 960 2787 γενέσθαι
976 2748 995 2784 ,
1027 2697 1198 2785 μηδὲ
1222 2696 1591 2787 βαρβάρων
1616 2691 1750 2765 ὕπο

393 2794 719 2887 Ἕλληνας
755 2794 953 2879 ὄντας
979 2800 1222 2889 λέκτρα
1251 2805 1591 2870 συλᾶσθαι
1618 2804 1757 2890 βίᾳ.
2064 2814 2198 2868 1275

191 2909 324 2969 ΚΛ.
410 2892 466 2971 οἶ
490 2904 765 2989 τέκνον,
798 2892 853 2970 m‘
894 2902 1100 2987 ξέναι,

413 3008 480 3073 οἲ
504 3000 629 3091 ’γῶ
658 3004 964 3074 θανάτου
995 3010 1118 3071 τοῦ
1146 3009 1271 3073 σοῦ
1304 3005 1525 3091 μελέα.

411 3106 653 3195 φεύγει
683 3128 760 3175 σε
785 3102 1005 3194 πατὴρ
1017 3105 1213 3196 ’Ἅιδῃ
1237 3108 1599 3193 παραδούς.

191 3214 306 3275 ΙΦ.
409 3213 477 3276 οἲ
502 3204 662 3295 ’γω’,
697 3216 935 3297 μῆτερ·
981 3206 1234 3278 ταύτὸν
1256 3211 1385 3296 γὰρ
1434 3211 1517 3295 δὴ

409 3312 604 3397 μέλος
631 3317 726 3391 εἰς
754 3307 956 3401 ἄμφω
985 3312 1295 3380 πέπτωκε
1324 3310 1547 3400 τύχης,
2067 3324 2199 3379 1280

413 3408 683 3482 κούκέτι
714 3442 826 3501 μοι
856 3418 1002 3503 φῶς

417 3510 568 3584 οὐδ’
601 3511 835 3585 ἀελίου
862 3514 1016 3585 τόδε
1045 3516 1313 3607 φέγγος.
