2534 3917
319 174 444 236 290
1134 178 1526 237 οΡΕΣΤΗΣ
2276 227 2284 234 .
2338 232 2340 234 ,
2404 137 2434 148 ”

554 334 669 415 δὸς
693 334 1008 420 ἀγγελίαν
1032 333 1297 421 ἀγαθάν
1320 333 1478 422 τιν’,

550 439 611 501 εἰ
630 429 774 500 τάδ’
803 437 1015 519 ἔρημα
1035 431 1115 499 τὰ
1135 430 1387 520 πρόσθ’
1416 431 1647 514 αὐλᾶς.

319 537 588 599 ΗΜΙΧ.
613 537 834 609 καλῶς
865 530 947 597 τά
969 525 1036 614 γ’
1063 526 1338 598 ἐνθένδ’
1357 556 1372 572 ·
1419 528 1587 599 ἄλλα
1611 528 1771 598 τάπὶ
1788 538 1916 599 σοῦ
1937 533 2173 601 σκόπει
2192 562 2209 577 ·

555 625 646 708 ὥς
673 626 860 707 οὔτις
886 624 1049 713 ἡμῖν
1071 630 1437 694 Δαναϊδῶν
1464 627 1826 707 πελάζεται.

318 732 585 794 ΗΜΙΧ.
613 730 705 805 εἰς
727 722 976 792 ταύτὸν
995 722 1181 809 ἥκεις
1198 751 1213 765 ·
1254 725 1367 791 καὶ
1387 724 1515 810 γὰρ
1540 722 1701 791 οὐδὲ
1726 721 1872 812 τῇδ’
1906 722 2116 810 ὄχλος.
2190 748 2333 800 1280

228 856 232 861 ·
319 830 466 889 HA.
557 827 720 910 φέρε
744 849 876 892 νυν
903 826 978 890 ἐν
1001 823 1326 889 πύλαισιν
1348 820 1563 889 ἀκοὰν
1586 820 1771 908 βάλω
1790 850 1803 864 ·

551 927 619 987 τί
633 918 908 1005 μέλλεθ’
938 924 1006 987 οἱ
1023 918 1157 987 κατ’
1185 916 1375 987 οἷκον
1397 920 1471 985 ἐν
1492 916 1734 1009 ἡσυχία

545 1019 798 1103 σφάγια
821 1025 1230 1103 φοινίσσειν;
2078 1061 2087 1071 -
2191 1040 2331 1093 1285

550 1115 678 1183 ούκ
705 1112 1136 1183 εἰσακούουσ’
1154 1143 1170 1157 ·
1219 1108 1275 1181 ὦ
1296 1112 1560 1182 τάλαιν’
1589 1113 1718 1199 ἐγώ
1745 1121 1991 1182 κακῶν.

557 1210 670 1300 ἆρ’
699 1223 790 1296 εἰς
812 1215 887 1284 τὸ
912 1214 1154 1294 κάλλος
1175 1214 1647 1301 ἐκκεκώφωται
1677 1216 1861 1298 ξίφη;

549 1316 712 1401 τάχα
736 1339 835 1394 τις
851 1312 1167 1399 Ἀργείων
1187 1317 1470 1392 ἔνοπλος
1492 1310 1787 1399 ὁρμήσας

553 1414 707 1481 ποδὶ
732 1410 1090 1499 βοηδρόμῳ
1114 1414 1421 1496 μέλαθρα
1439 1414 1803 1496 προσμίξει.
2192 1428 2326 1481 1290

548 1511 891 1587 σκέψασθέ
911 1532 1042 1573 νυν
1066 1506 1345 1592 ἄμεινον
1363 1534 1377 1548 ·
1404 1505 1530 1592 οὐχ
1553 1508 1749 1593 ἕδρας
1778 1509 1954 1594 ἀκμή
1969 1534 1982 1547 ·

551 1601 700 1672 ἀλλ’
729 1608 813 1669 αἳ
828 1602 952 1688 μὲν
975 1599 1236 1692 ἐνθάδ’,
1256 1606 1335 1672 αἳ
1353 1603 1414 1672 δ’
1443 1604 1644 1673 ἐκεῖσ’
1674 1606 1979 1674 ἑλίσσετε.

315 1710 454 1770 ΧΟ.
545 1701 794 1788 ἀμείβω
825 1705 1157 1770 κέλευθον
1180 1711 1525 1770 σκοποῦσα
1548 1703 1783 1793 πάντᾳ.
2189 1722 2326 1776 1295
2426 1748 2432 1753 ·

315 1809 453 1868 EA.
547 1801 623 1868 ἰώ
645 1798 1283 1888 Πελασγόν”Αργος,
1329 1799 1615 1886 ὄλλυμαι
1645 1808 1885 1882 κακῶς.

317 1907 392 1965 Η
397 1906 586 1967 ΜΙΧ.
612 1896 989 1986 ἦκούσαθ’;
1036 1897 1279 1987 ἄνδρες
1300 1898 1466 1987 χεῖρ’
1492 1903 1763 1986 ἔχουσιν
1786 1901 1861 1965 ἐν
1885 1902 2095 1988 φόνῳ.

316 2005 579 2066 ΗΜΙΧ.
595 1996 857 2085 Ἑλένης
880 1996 954 2065 τὸ
981 1996 1241 2083 κώκυμ’
1281 2002 1459 2066 ἐστίν
1476 2049 1496 2083 ‚
1522 1996 1613 2078 ὥς
1642 1994 2015 2066 ἀπεικάσαι.

318 2104 465 2163 ΗΛ.
547 2094 599 2164 ὦ
627 2097 824 2183 Διός,
873 2089 930 2165 ως
950 2095 1119 2176 Διὸς
1148 2094 1394 2164 ἀέναον
1417 2096 1687 2184 κράτος,

547 2194 692 2262 ἔλθ’
727 2198 1089 2280 ἐπίκουρον
1114 2195 1329 2279 ἐμοῖσι
1358 2198 1612 2278 φίλοισι
1644 2195 1924 2273 πάντως.
2180 2208 2321 2262 1300

315 2299 449 2358 EA.
543 2291 879 2377 Μενέλαε,
911 2288 1191 2375 θνήσκω
1208 2318 1221 2332 ·
1266 2289 1354 2357 σύ
1392 2288 1467 2357 δὲ
1502 2289 1735 2377 παρών
1758 2289 1827 2377 μ’
1868 2290 1996 2359 οὐκ
2022 2288 2318 2377 ὠφελεῖς.
2422 2304 2427 2307 “

315 2394 461 2454 HA.
539 2389 863 2470 φονεύετε
885 2389 1145 2453 καίνετε
1168 2382 1408 2454 ὄλλυτε
1424 2436 1444 2473 ,

548 2489 828 2569 δίπτυχα
853 2486 1130 2570 δίστομα
1153 2484 1465 2571 φάσγανα
1488 2486 1773 2571 πέμπετε
1798 2548 1801 2551 ,
2530 2556 2532 2563 A

549 2583 620 2649 ἐκ
644 2582 836 2667 χερὸς
857 2584 1108 2670 ἱέμενοι
2530 2566 2532 2630 ἶ

547 2676 671 2746 τάν
694 2679 1109 2766 λιποπάτορα
1127 2678 1506 2765 λιπόγαμόν
1527 2676 1631 2764 θ’,
1664 2674 1710 2743 ἃ
1732 2684 2079 2757 πλείστους
2190 2694 2324 2749 1305
2527 2672 2531 2804 ἰ

549 2782 787 2845 ἔκανεν
808 2774 1145 2845 Ἑλλάνων

549 2877 704 2961 δορὶ
731 2875 911 2959 παρὰ
967 2874 1267 2962 ποταμὸν
1293 2872 1692 2963 ὀλομένους,
1725 2876 1839 2943 ὅθι

543 2970 804 3054 δάκρυα
825 2969 1116 3058 δάκρυσι
1143 2973 1471 3039 συνέπεσε
1495 2978 1829 3059 σιδαρέοις

547 3069 811 3154 βέλεσιν
841 3064 1014 3152 ἀμφὶ
1035 3067 1151 3147 τὰς
1180 3070 1635 3156 Σκαμάνδρου
1660 3074 1867 3150 δίνας.
2191 3086 2332 3139 1310

197 3176 200 3179 ’
319 3176 455 3235 ΧΟ.
543 3172 769 3250 σιγᾶτε
795 3162 1010 3249 σιγᾶτ’
1033 3188 1046 3201 ·
1087 3160 1404 3252 ᾐσθόμην
1428 3166 1689 3234 κτύπου
1714 3168 1896 3247 τινὸς

545 3263 875 3330 κέλευθον
905 3264 1329 3343 εἰσπεσόντος
1349 3261 1519 3350 ἀμφὶ
1542 3264 1831 3351 δώματα.

311 3366 462 3427 ΗΛ.
544 3352 601 3426 ὦ
622 3366 927 3444 φίλταται
956 3374 1301 3448 γυναῖκες,
1336 3367 1428 3441 εἰς
1450 3364 1654 3447 μέσον
1679 3362 1897 3447 φόνον
