2534 3917
1110 201 1277 260 ΙΩΝ

160 381 296 442 ΚΡ.
394 370 650 464 δεκάτῳ
686 372 767 440 δέ
789 393 865 440 σε
891 368 1100 458 μηνὸς
1127 372 1201 439 ἐν

395 473 622 565 κύκλῳ
650 472 947 562 κρύφιον
978 466 1168 541 ὠδῖν’
1201 479 1429 542 ἔτεκον
1458 479 1707 565 Φοίβῳ.

159 583 362 647 ΙΩΝ.
396 566 452 644 a}
480 571 744 663 φίλτατ’
782 572 1072 662 είποῦσ’,
1105 582 1168 645 εἰ
1191 578 1406 663 λέγεις
1436 574 1740 663 ἐτήτυμα.

160 687 298 747 ΚΡ.
395 679 730 766 παρθένια
760 673 826 746 δ’
859 680 1017 764 ἐμᾶς
1044 680 1325 767 ματέρος
1482 708 1487 714 ·

397 775 726 868 σπάργαν’
761 776 1107 867 ἀμφίβολά
1130 803 1237 848 σοι
1266 775 1413 848 τάδ’
1447 783 1552 861 ἐξ,-

396 888 568 968 ἥψα,
599 886 909 971 κερκίδος
940 884 1099 969 ἐμᾶς
1125 880 1443 961 πλάνους.

396 983 673 1071 γάλακτι
704 980 770 1052 δ’
804 979 928 1052 οὐκ
959 985 1267 1071 ἐπέσχον,
1299 980 1458 1053 οὐδὲ
1484 991 1710 1076 μαστῷ

393 1100 674 1173 τροφεῖα
699 1083 946 1174 ματρὸς
985 1081 1148 1154 οὐδὲ
1176 1083 1425 1174 λουτρὰ
1452 1101 1723 1174 χειροῖν,

397 1183 526 1254 ἀνὰ
559 1182 624 1254 δ’
658 1184 906 1276 ἄντρον
936 1194 1182 1276 ἔρημον
1213 1193 1476 1255 οἰωνῶν

395 1297 772 1376 γαμφηλαῖς
801 1288 1107 1377 φόνευμα
1135 1288 1433 1376 θοίναμά
1458 1285 1516 1357 τ’
1553 1295 1649 1370 είς

381 1387 619 1458 ’Ἅιδαν
649 1391 975 1479 ἐκβάλλει.

159 1502 361 1564 ΙΩΝ.
395 1481 451 1560 αἶ
479 1491 670 1561 δεινὰ
697 1500 904 1562 τλᾶσα
930 1500 1157 1583 μῆτερ.

162 1605 297 1664 ΚΡ.
403 1597 476 1662 ἐν
505 1592 698 1686 φόβῳ
727 1601 1174 1664 καταδεθεῖσα
1203 1593 1330 1664 σὰν

393 1695 619 1783 ψυχὰν
649 1693 1019 1785 ἀπέβαλον,
1049 1699 1289 1767 τέκνον
1308 1721 1321 1734 ·

401 1797 662 1873 ἔκτεινά
683 1795 747 1866 σ’
780 1794 1040 1868 ἅκουσ’.

165 1909 363 1970 ῙῼΝ.
396 1901 460 1980 ἐξ
490 1902 655 1987 ἐμοῦ
682 1896 743 1967 τ’
777 1897 901 1987 οὐχ
929 1896 1060 1969 ὅσι’
1095 1906 1441 1988 ἔθνῃσκες.

161 2011 298 2071 ΚΡ.
397 2001 476 2069 ἰῶ
499 2024 513 2037 ·
545 2003 765 2070 δειναὶ
792 2001 917 2088 μὲν
945 2001 1093 2070 τότε
1123 2001 1337 2090 τύχαι,

396 2101 586 2171 δεινὰ
615 2102 691 2171 δὲ
715 2105 829 2171 καὶ
855 2100 1005 2171 τάδ’
1027 2126 1042 2140 ·
1074 2100 1499 2192 ἑλισσόμεσθ’
1533 2107 1799 2174 ἐκεῖθεν
1872 2133 1877 2138 ·

394 2204 641 2273 ἐνθάδε
661 2208 1124 2292 δυστυχίαισιν
1245 2265 1264 2274 -

396 2302 731 2394 εὐτυχίαις
757 2335 828 2375 τε
858 2307 1081 2394 πάλιν,

395 2415 791 2494 μεθίσταται
820 2409 897 2478 δὲ
924 2408 1291 2496 πνεύματα.

393 2510 646 2595 μενέτω
664 2533 678 2546 ·
710 2507 791 2578 τὰ
816 2509 1148 2599 πάροιθεν
1177 2507 1321 2590 ἅλις
1349 2511 1520 2581 κακά
1538 2535 1552 2548 ·
1581 2518 1713 2580 νῦν
1741 2509 1804 2580 δ’

393 2611 658 2696 ἐγένετό
685 2639 782 2691 τις
809 2602 1009 2698 οὖρος
1037 2616 1110 2681 ἐκ
1137 2619 1399 2699 κακῶν,
1432 2605 1487 2680 ῶ
1513 2628 1652 2680 παῖ.

163 2723 226 2783 Χ
229 2723 305 2781 Ο.
391 2715 624 2799 μηδεὶς
651 2719 927 2782 δοκείτω
955 2713 1166 2801 μηδὲν
1195 2710 1589 2802 ἀνθρώποις
1618 2712 1780 2783 ποτε

392 2811 680 2884 ἄελπτον
709 2815 880 2884 εἶναι
910 2813 1076 2904 πρὸς
1101 2813 1182 2884 τὰ
1207 2815 1623 2902 τυγχάνοντα
1652 2819 1804 2884 νῦν.

167 2924 360 2988 ΙΩΝ.
395 2905 450 2984 ὦ
475 2923 940 3005 μεταβαλοῦσα
967 2925 1255 3005 μυρίους
1287 2913 1417 3004 ἤδη
1438 2921 1703 3006 βροτῶν

383 3018 506 3086 ’καὶ
533 3023 943 3106 δυστυχῆσαι
969 3009 1218 3099 καῦθις
1247 3009 1340 3088 αὖ
1366 3021 1605 3108 πρᾶξαι
1632 3023 1871 3104 καλῶς,

20 3185 22 3194 .
390 3118 554 3208 τύχη
571 3172 590 3207 ,
619 3118 779 3211 παρ’
821 3127 971 3191 οἵαν
998 3116 1301 3208 ἤλθομεν
1328 3121 1637 3208 στάθμην
1664 3126 1841 3207 βίου,

20 3209 33 3286 Q
391 3224 641 3310 μητέρα
670 3229 996 3311 φονεῦσαι
1024 3225 1139 3292 καὶ
1170 3234 1423 3291 παθεῖν
1449 3220 1703 3303 ἀνάξια.

394 3330 530 3409 φεῦ
547 3346 560 3360 ·

394 3413 506 3514 ἆρ’
538 3429 614 3494 ἐν
641 3441 963 3513 φαενναῖς
987 3422 1186 3514 ἡλίου
1207 3441 1645 3522 περιπτυχαῖς

394 3531 610 3595 ἔνεστι
637 3525 850 3596 πάντα
879 3527 1036 3596 τάδε
1062 3524 1224 3596 καθ’
1259 3524 1515 3615 ἡμέραν
1541 3537 1825 3613 μαθεῖν;

334 3643 515 3683 tvm.
554 3645 680 3684 vot..
720 3629 786 3683 ΙΙ.
1763 3621 1838 3682 ll

2048 203 2165 265 161

2036 797 2168 853 1490

2038 1302 2171 1358 1495

2032 1819 2168 1870 1500

2032 2224 2165 2276 1505

2031 2731 2165 2782 1510

2036 3238 2169 3290 1515
