2534 3917
392 191 517 255 430

399 576 535 637 XO.

397 780 527 841 KP.

400 2301 548 2362 ΜΕ.

401 2397 525 2454 ΚΡ.

394 2493 551 2552 ME.

394 2591 523 2650 KP.

393 2691 523 2750 KP.

396 2792 525 2851 KP.

394 2888 523 2948 KP.

392 2986 522 3044 KP.

398 3083 523 3144 KP.

387 3181 542 3241 ΜΕ.

1134 190 1597 248 ΦΟΙΝΙΣΣΑΙ

624 358 849 432 ἀδικεῖ
870 358 952 429 τὰ
982 366 1121 429 τῶν
1148 365 1356 428 θεῶν.
1387 365 1653 446 Φοῖβον·
1675 353 2076 445 ἀνθρώποις
2103 361 2316 450 μόνον

622 471 791 554 χρῆν
816 467 1260 553 θεσπιωδεῑν,
1291 457 1366 542 ὃς
1393 463 1704 528 δέδοικεν
1727 458 1998 531 οὐδένα.

618 569 876 655 Κρέον,
907 572 979 664 τί
1005 571 1197 655 σιγᾷς
1223 569 1446 652 γῆρυν
1471 558 1832 650 ἄφθογγον
1857 563 2143 652 σχάσας;
2313 576 2395 636 960

626 665 828 756 κάμοὶ
858 667 987 757 γὰρ
1016 663 1221 736 ουδὲν
1250 657 1460 754 ἧσσον
1489 668 1796 752 ἔκπληξις
1823 666 2024 755 πάρα.

619 778 689 839 τί
716 767 781 839 δ’
814 800 905 840 αν
932 798 1029 850 τις
1058 779 1269 851 εἴποι;
1300 773 1507 855 δῆλον
1536 771 1608 836 οἵ
1632 764 1702 854 γ’
1737 770 1885 855 ἐμοὶ
1912 768 2126 856 λόγοι.

623 872 753 960 ε’γω
785 872 913 962 γὰρ
942 868 1180 942 ουποτ’
1218 878 1313 951 εἰς
1338 867 1478 940 τόδ’
1515 869 1650 956 εἶμι
1681 877 2056 960 συμφορᾶς,

626 972 795 1044 ὥστε
822 978 1167 1063 σφαγέντα
1200 978 1408 1042 παῖδα
1435 983 1839 1060 προσθεῖναι
1867 973 2080 1042 πόλει.

622 1084 827 1146 πᾶσιν
857 1075 986 1164 γὰρ
1014 1071 1439 1165 ἀνθρώποισι
1466 1073 1860 1164 φιλότεκνος
1885 1082 2052 1163 βίος,
2313 1093 2404 1146 965

626 1177 778 1250 οὐδ’
818 1175 905 1248 ἂν
929 1176 1049 1248 τὸν
1077 1174 1292 1246 αὑτοῦ
1321 1176 1527 1246 παῖδά
1554 1204 1654 1257 τις
1689 1181 1842 1264 δοίη
1873 1195 2168 1248 κτανεῖν.

624 1283 714 1370 μή
740 1277 810 1371 μ’
846 1279 1207 1367 εὐλογείτω
1235 1276 1410 1367 τάμά
1436 1307 1535 1359 τις
1561 1285 1850 1347 κτείνων
1879 1282 2104 1350 τέκνα.

625 1381 829 1464 αὐτὸς
858 1381 952 1470 δ’,
990 1387 1065 1451 ἐν
1100 1378 1328 1473 ὡραίῳ
1353 1379 1484 1469 γὰρ
1514 1384 1796 1469 ἕσταμεν
1823 1388 2007 1469 βίου,

624 1486 957 1573 θνήσκειν
984 1487 1246 1571 ἕτοιμος
1273 1490 1592 1574 πατρίδος
1621 1484 2038 1575 ἐκλυτήριον.

622 1584 767 1655 ἀλλ’
802 1586 939 1672 εἷα,
968 1587 1242 1672 τέκνον,
1275 1587 1438 1676 πρὶν
1466 1596 1716 1674 μαθεῖν
1743 1592 1965 1654 πᾶσαν
1992 1587 2219 1677 πόλιν,
2316 1607 2403 1661 970

622 1685 934 1758 ἀκόλαστ’
968 1686 1165 1768 ἐάσας
1189 1686 1499 1775 μάντεων
1517 1695 1960 1777 θεσπίσματα,

625 1789 828 1881 φεῦγ’
863 1789 952 1872 ὥς
978 1791 1247 1878 τάχιστα
1276 1787 1465 1878 τῆσδ’
1499 1787 1951 1880 ἀπαλλαχθεὶς
1975 1793 2262 1879 χθονός·

624 1899 792 1976 λέξει
822 1893 951 1984 γὰρ
983 1889 1214 1982 ἀρχαῖς
1240 1893 1356 1962 καὶ
1382 1893 1860 1982 στρατηλάταις
1883 1893 2066 1982 τάδε,

626 1996 841 2076 πύλας
870 1992 981 2083 ἐφ’
1024 1998 1186 2065 ἑπτα
1214 1997 1329 2064 καὶ
1356 1997 1716 2083 λοχαγέτας
1741 1995 1997 2082 μολών·

626 2127 753 2167 καν
780 2099 904 2185 μὲν
932 2097 1337 2186 φθάσωμεν,
1370 2104 1507 2167 ἔστι
1534 2116 1641 2167 σοι
1668 2105 1998 2187 σωτηρία·
2312 2119 2406 2174 975

622 2195 709 2287 ἢν
739 2198 805 2269 δ’
845 2196 1249 2313 ὑστερήσῃς,
1286 2200 1686 2287 οἰχόμεσθα,
1714 2211 2064 2270 κατθανεῖ.

620 2307 739 2361 ποτ
756 2298 921 2378 δῆτα
944 2293 1209 2378 φεύγω;
1254 2296 1406 2357 τίνα
1429 2316 1512 2359 πο
1499 2289 1664 2371 ’;λιν
1709 2298 1858 2358 τίνα
1882 2292 2126 2372 ξένωνς

615 2415 787 2456 οπου
818 2387 1068 2473 χθονὸς
1090 2382 1281 2471 τῆσδ’
1311 2385 1617 2454 ἐκποδων
1641 2385 1901 2474 μάλιστ’
1929 2391 2084 2456 ἔσει.

616 2489 875 2552 οὔκουν
898 2484 973 2552 σὲ
998 2482 1276 2570 φράζειν
1305 2486 1518 2572 εἰκός,
1570 2488 1877 2554 ἐκπονεῖν
1900 2483 1964 2554 δ’
1993 2487 2108 2570 ἐμέ
2113 2513 2134 2564 3

620 2581 937 2668 Δελφοὺς
962 2581 1253 2669 περάσας
1284 2589 1496 2666 φεῦγε
1539 2589 1696 2650 ΜΕ.
1721 2596 1844 2651 ποῖ
1865 2609 1946 2669 με
1975 2583 2122 2670 χρή,
2147 2582 2384 2664 πάτερ;

612 2681 927 2752 Αἰτωλίδ’
957 2689 1049 2764 εἰς
1072 2690 1219 2769 γῆν.
1266 2691 1424 2752 ΜΕ.
1458 2687 1529 2749 ἐκ
1551 2685 1625 2751 δὲ
1647 2686 1850 2768 τῆσδε
1875 2695 1994 2750 ποῖ
2009 2688 2228 2768 περι-ὅς
2290 2695 2383 2750 981

617 2783 1026 2869 Θεσπρωτὸν
1048 2775 1273 2860 οὖδας.
1328 2787 1484 2850 ΜΕ.
1523 2779 1734 2868 σεμνὰ
1754 2779 2100 2865 Δωδώνης
2129 2778 2382 2866 βάθρα;

615 2885 842 2963 ἔγνως.
896 2887 1043 2947 ΜΕ.
1069 2884 1137 2945 τί
1154 2878 1237 2963 δὴ
1260 2874 1405 2945 τόδ’
1434 2879 1646 2964 ἔρυμά
1669 2905 1784 2965 μοι
1808 2879 2159 2965 γενήσεται
2181 2905 2202 2958 3

613 2978 949 3061 πόμπιμος
973 2974 1008 3042 ὁ
1042 2980 1318 3062 δαίμων.
1364 2985 1520 3044 ΜΕ.
1548 2977 1906 3063 χρημάτων
1931 2979 2005 3044 δὲ
2027 2983 2124 3056 τίς
2146 2976 2384 3062 πόρος;

614 3072 740 3158 ἐγω
774 3075 1083 3156 πορεύσω
1107 3074 1382 3159 χρυσόν.

1463 3166 1545 3240 εὖ
1566 3179 1813 3260 λέγεις,
1837 3171 2066 3260 πάτερ.
2285 3186 2386 3241 985

616 3270 813 3354 χώρει
838 3293 969 3335 νυν
990 3294 1005 3309 ·
1052 3264 1141 3347 ὡς
1164 3266 1306 3354 σὴν,
1322 3269 1490 3356 πρὸς
1513 3273 1924 3358 κασιγνήτην
1946 3269 2200 3358 μολών,

617 3359 696 3450 ἦς
718 3373 946 3450 πρῶτα
969 3364 1221 3452 μαστὸν
1246 3365 1516 3453 εἴλκυᾶ,
1532 3365 1868 3453 Ἰοκάστην
1891 3371 2080 3452 λέγω,

620 3463 866 3548 μητρὸς
894 3467 1242 3548 στερηθεὶς
1268 3463 1569 3548 ὀρφανός
1602 3465 1663 3533 τ’
1700 3463 2077 3550 ἀποζυγείς,
