2534 3917
255 142 378 205 264
1072 144 1459 202 ΟΡΕΣΤΗΣ

488 314 803 400 ἐρήσομαι
833 318 939 399 δέ,
973 322 1360 399 Μενέλεως,
1392 315 1671 380 τοσόνδε
1704 335 1811 379 σε·

491 423 553 484 εἰ
576 412 767 483 τόνδ’
801 411 1263 483 ἀποκτείνειεν
1292 410 1697 502 ὁμόλεκτρος
1726 413 1926 502 γυνή,

484 512 578 605 χὼ
608 520 808 585 τοῦδε
839 530 993 595 παῖς
1021 506 1109 583 αὖ
1137 511 1367 604 μητέρ’
1402 511 1898 603 ἀνταποκτενεῖ,

489 616 768 689 κᾶπειθ’
807 614 842 686 ὁ
873 625 1110 687 κείνου
1138 616 1504 703 γενόμενος
1534 616 1726 708 φόνῳ
1756 617 1976 705 φόνον
2177 638 2281 690 510

490 722 711 807 λύσει,
741 723 946 810 πέρας
975 718 1060 806 δὴ
1088 734 1208 788 ποῖ
1229 725 1459 787 κακῶν
1487 718 1927 809 προβήσεται;

491 829 711 902 καλῶς
740 829 979 891 ἔθεντο
1007 828 1217 890 ταῦτα
1245 823 1525 909 πατέρες
1554 826 1627 889 οἰ
1644 821 1878 890 πάλαι·

490 932 584 1004 εἰς
613 921 928 1012 ὀμμάτων
956 923 1080 1010 μὲν
1108 920 1273 1005 ὄψιν
1300 920 1427 991 οὐκ
1455 933 1616 992 εἴων
1644 931 1859 1015 περᾶν

492 1024 642 1095 οὐδ’
679 1032 772 1106 εἰς
798 1022 1159 1113 ἀπάντημ’,
1192 1023 1373 1106 ὅστις
1402 1020 1544 1113 αἷμ’
1579 1032 1753 1113 ἔχων
1779 1043 1993 1117 κυρεῖ,

493 1144 776 1218 φυγαῖσι
804 1124 869 1196 δ’
904 1122 1178 1220 ὁσιοῦν,
1207 1124 1759 1198 ἀνταποκτείνειν
1785 1128 1860 1198 δὲ
1887 1130 1997 1216 μή.
2179 1147 2285 1198 515

490 1231 595 1303 ἀεὶ
623 1230 751 1321 γὰρ
784 1226 878 1311 εἷς
907 1229 1124 1318 ἔμελλ’
1157 1228 1506 1307 ἐνέξεσθαι
1536 1230 1751 1317 φόνῳ,

488 1334 560 1404 τὸ
593 1342 905 1403 λοίσθιον
932 1341 1188 1420 μίασμα
1216 1332 1581 1420 λαμβάνων
1606 1348 1853 1423 χεροῖν.

493 1436 623 1523 ἐγώ
660 1437 736 1505 δὲ
761 1441 936 1523 μισῶ
965 1435 1089 1522 μὲν
1111 1449 1436 1521 γυναῖκας
1463 1431 1798 1521 ἀνοσίους,

495 1537 768 1628 πρώτην
798 1535 874 1605 δὲ
903 1532 1253 1626 θυγατέρ’,
1286 1532 1331 1623 ἢ
1356 1535 1559 1605 πόσιν
1585 1538 2018 1607 κατέκτανεν·

487 1638 762 1727 Ἑλένην
789 1665 860 1707 τε
890 1636 1017 1726 τὴν
1047 1636 1175 1725 σὴν
1202 1633 1449 1724 ἄλοχον
1478 1634 1715 1707 οὔποτ’
1750 1642 1995 1708 αἰνέσω
2182 1656 2286 1707 520

497 1738 649 1811 οὐδ’
683 1737 770 1810 ἀν
799 1732 1228 1830 προσείποιμ’
1249 1763 1264 1777 ·
1299 1736 1463 1810 οὐδὲ
1489 1739 1563 1809 σὲ
1592 1747 1798 1827 ζηλῶ,
1829 1748 2036 1829 κακῆς

494 1842 817 1934 γυναικὸς
849 1840 1133 1913 ἐλθόνθ’
1179 1844 1384 1909 εἵνεκ’
1434 1846 1523 1920 εἰς
1546 1850 1787 1930 Τροίας
1820 1846 2047 1912 πέδον.

499 1945 737 2035 ἀμυνεό
767 1942 835 2015 δ’
869 1941 1163 2034 ὅσονπερ
1196 1945 1486 2025 δυνατός
1518 1951 1650 2032 εἰμι
1679 1951 1772 2037 τῷ
1800 1945 2009 2038 νόμῳ,

498 2049 570 2118 τὸ
600 2053 941 2139 θηριῶδες
968 2056 1168 2117 τοῦτο
1197 2050 1312 2116 καὶ
1339 2047 1705 2135 μιαιφόνον

505 2152 778 2237 παύων,
810 2146 849 2220 ὃ
875 2153 989 2219 καὶ
1016 2157 1147 2238 γῆν
1175 2152 1289 2219 καὶ
1318 2148 1546 2229 πόλεις
1574 2146 1810 2219 ὅλλυσ’
1847 2148 1971 2219 ἀεί.
2186 2166 2279 2219 525

500 2255 644 2323 ἐπεὶ
672 2250 802 2321 τίν’
838 2250 1040 2339 εἶχες,
1074 2242 1129 2319 ὦ
1155 2251 1391 2338 τάλας,
1420 2249 1646 2339 ψυχὴν
1676 2252 1823 2321 τότε

504 2352 604 2423 ὅτ’
639 2357 946 2441 ἐξέβαλλε
973 2352 1228 2441 μαστὸν
1257 2353 1654 2422 ἱκετεύουσά
1682 2377 1758 2423 σε

500 2456 749 2545 μήτηρ;
779 2453 908 2542 ἐγω
939 2455 1062 2542 μὲν
1089 2452 1215 2525 οὐκ
1247 2453 1415 2525 ἰδών
1442 2453 1635 2525 τάκεῖ
1655 2457 1847 2545 κακά,

508 2556 828 2647 δακρύοις
858 2554 1124 2649 γέροντ’
1158 2556 1523 2647 ὀφθαλμὸν
1551 2561 1803 2647 ἐκτήκω
1831 2559 2050 2640 τάλας.

511 2658 584 2729 ἓν
613 2663 676 2729 δ’
711 2658 839 2731 οὗν
871 2667 1130 2750 λόγοισι
1161 2678 1297 2743 τοῖς
1330 2668 1509 2750 ἐμοῖς
1538 2664 1931 2751 ὁμορροθεῖ·
2184 2679 2293 2733 530

503 2777 687 2851 μισεῖ
708 2790 785 2848 γε
813 2760 981 2851 πρὸς
1008 2768 1195 2831 θεῶν
1221 2764 1335 2833 καὶ
1364 2769 1566 2842 τίνεις
1591 2761 1837 2852 μητρὸς
1866 2768 2077 2851 δίκας,

505 2873 774 2953 μανίαις
805 2861 1105 2934 ἀλαίνων
1132 2866 1245 2932 καὶ
1282 2864 1540 2951 φόβοις.
1582 2872 1654 2932 τί
1672 2865 2036 2954 μαρτύρων

507 2964 730 3034 ἄλλων
759 2962 1038 3033 ἀκούειν
1063 2970 1173 3033 δεῖ
1195 2962 1293 3052 μ’,
1324 2961 1367 3033 ἅ
1393 2962 1461 3053 γ’
1504 2972 1773 3057 εἰσορᾶν
1800 2967 2015 3056 πάρα;

511 3066 599 3148 ὡς
629 3056 756 3135 οὖν
784 3062 869 3134 ἀν
899 3072 1116 3155 εἰδῇς,
1147 3069 1543 3154 Μενέλεως,
1573 3085 1790 3138 τοῖσιν
1816 3081 2006 3151 θεοῖς

507 3168 598 3259 μὴ
631 3165 875 3258 πρᾶσσ’
911 3165 1187 3255 ἐναντί’,
1220 3165 1511 3256 ὠφελεῖν
1537 3178 1777 3241 τοῦτον
1808 3174 2058 3260 θέλων,
2187 3188 2288 3242 535

498 3278 574 3340 ἔα
603 3273 667 3338 δ’
701 3272 821 3340 ὑπ’
853 3273 1077 3341 ἀστῶν
1106 3284 1701 3364 καταφονευθῆναι
1728 3283 2011 3365 πέτροις.

494 3483 530 3559 ἢ
567 3488 642 3561 μὴ
677 3485 930 3561 ’πίβαινε
973 3490 1403 3562 Σπαρτιάτιδος
1440 3495 1674 3566 χθονός.
2178 3506 2277 3554 537
