2534 3917
841 848 1527 917 ΕΥΡΙΠΙΔΟΥ·

372 1034 428 1110 Ι
431 1033 1032 1115 ΦΙΓΕΝΕΙΑ
1089 1036 1186 1114 H
1237 1033 1408 1113 ΕΝ
1459 1030 1934 1121 ΑΥΛΙΔΙ.

187 1420 352 1483 ΑΓΛ.
381 1407 458 1485 ῙΩ,
491 1422 782 1509 πρέσβυ,
813 1418 1046 1507 δόμων
1073 1424 1291 1489 τῶνδε
1318 1417 1653 1511 πάροιθεν

379 1536 622 1609 στεῖχε.
649 1530 789 1591 ΠΡ.
819 1530 1080 1610 στείχω.
1110 1530 1181 1590 τί
1203 1522 1281 1591 δὲ
1306 1536 1752 1612 καινουργεῖς,

375 1618 797 1712 Ἀγάμεμνον
824 1621 1027 1707 ἅναξς
1069 1631 1274 1693 ΑΓΛ.
1306 1624 1655 1709 σπεύσεις;
1694 1634 1833 1693 ΠΡ.
1863 1626 2160 1695 σπεύδω.

377 1726 560 1812 μάλα
591 1754 692 1796 τοι
718 1732 928 1816 γῆρας
958 1723 1213 1814 τούμὸν
1239 1722 1506 1797 ἄυπνον

378 1829 490 1897 καὶ
519 1826 632 1897 ἐπ’
665 1825 1043 1917 ὀφθαλμοῖς
1071 1826 1191 1911 ὀξυ
1219 1827 1559 1918 πάρεστιν.
2128 1850 2161 1899 5

178 1932 344 1995 ΑΓΛ.
381 1936 482 2009 τίς
513 1926 671 2000 ποτ’
704 1927 818 2020 ἄρ’
852 1927 1060 2021 ἀστὴρ
1091 1928 1209 2001 ὅδε
1236 1932 1649 2019 πορθμεύεις

181 2027 291 2091 ΠΡ.
374 2035 642 2111 Σείριος
671 2028 872 2116 ἐγγύς
904 2039 1020 2117 τῆς
1055 2032 1447 2117 ἑπταπόρου

373 2130 710 2209 Πλειάδος
753 2126 983 2219 ᾄσσων
1015 2133 1114 2198 ἔτι
1147 2131 1505 2219 μεσσήρης.

174 2227 327 2296 ΑΓΛ.
375 2222 642 2295 οὔκουν
675 2227 986 2313 φθόγγος
1016 2223 1085 2312 γ’
1127 2226 1272 2296 οὔτ’
1312 2230 1619 2317 ὀρνίθων

373 2326 536 2401 οὔτε
564 2331 940 2420 θαλάσσης·
978 2335 1161 2421 σιγαὶ
1192 2331 1259 2402 δ’
1296 2328 1564 2420 ἀνέμων
2090 2356 2156 2405 lo

374 2432 578 2503 τόνδε
607 2430 758 2504 κατ’
789 2430 1102 2523 Εὔριπον
1137 2442 1426 2523 ἔχουσιν.

178 2530 286 2595 ΠΡ.
375 2542 450 2604 τί
472 2533 548 2603 δὲ
574 2532 663 2603 σύ
690 2542 944 2625 σκηνῆς
973 2536 1160 2619 ἐκτὸς
1187 2534 1463 2626 ἀίσσεις,

368 2633 787 2725 Ἀγάμεμνον
818 2634 1020 2722 ἅναξς

375 2746 475 2808 ἔτι
501 2736 569 2808 δ’
602 2736 848 2829 ἡσυχία
874 2747 1034 2831 τῇδε
1062 2739 1213 2813 κατ’
1249 2732 1497 2829 Αὖλιν,

369 2842 486 2911 καὶ
516 2837 820 2932 ἀκίνητοι
850 2847 1150 2933 φυλακαὶ
1179 2847 1473 2932 τειχέων.
2086 2866 2151 2917 15

377 2950 742 3032 στείχωμεν
769 2951 920 3015 ἔσω.
948 2952 1156 3017 ΑΓΛ.
1191 2954 1365 3034 ζηλῶ
1392 2949 1503 3033 σέ,
1534 2949 1758 3039 γέρον,

373 3052 546 3134 ζηλῶ
577 3042 646 3115 δ’
678 3043 952 3137 ἀνδρῶν
981 3044 1054 3129 ὂς
1081 3046 1461 3119 ἀκίνδυνον

371 3154 529 3235 βίον
559 3146 901 3238 ἐξεπέρασ’
933 3146 1154 3239 άγνώς
1182 3146 1458 3241 ἀκλεής·

374 3246 534 3330 τοὺς
561 3247 629 3318 δ’
662 3254 740 3320 ἐν
766 3266 984 3339 τιμαῖς
1014 3242 1226 3340 ἧσσον
1254 3257 1449 3338 ζηλῶ.

170 3348 280 3413 ΠΡ.
367 3350 644 3439 καὶμὴν
670 3349 746 3421 τὸ
773 3352 986 3423 καλόν
1012 3350 1080 3443 γ’
1114 3359 1416 3424 ἐνταῦθα
1448 3362 1627 3443 βίον.
2078 3375 2148 3426 20

167 3454 337 3519 ΑΓΛ.
375 3459 571 3523 τοῦτο
602 3457 684 3523 δέ
708 3449 775 3542 γ’
808 3457 992 3525 ἐστὶν
1021 3454 1094 3526 τὸ
1125 3455 1337 3527 καλὸν
1367 3456 1739 3545 σφαλερόν·

373 3556 486 3625 καὶ
516 3552 592 3625 τὸ
623 3554 953 3647 πρότιμον
1653 3648 1684 3709 l
1706 3648 1734 3681 ,Ι
