2534 3917
2096 209 2220 272 395

285 385 464 475 μένῳ
503 384 617 450 καὶ
648 377 831 468 αὐτῷ
870 375 1037 466 πρὸς
1070 373 1370 446 ’Λπόλλω
1412 374 1523 465 ἐφ’
1571 369 1629 471 ᾦ
1673 381 1833 469 περὶ
1865 387 1990 450 τοῦ
2031 383 2218 450 ἐκτε-

285 488 524 565 θέντος
568 479 805 561 παιδὸς
841 485 1099 569 γνῶναι
1136 485 1199 547 εἰ
1234 481 1545 567 τέθνηκε.
1591 482 1708 549 καὶ
1745 477 1785 549 ὁ
1828 489 1951 552 τοῦ
1999 489 2217 551 Λαΐου

284 585 610 675 θεράπων
636 579 821 675 αὐτῷ
854 579 1118 650 κελεύει
1156 579 1404 671 μικρὸν
1429 577 1867 670 ὑποχωρῆσαι
1895 589 1990 676 τῷ
2020 591 2217 672 βασι-

286 696 407 756 λετ.
468 690 797 764 Οἰδίπους
849 682 925 752 δὲ
965 677 1307 774 ὑπεροψίᾳ
1352 683 1808 772 κρατούμενος
1850 687 1965 753 καὶ
2015 691 2216 753 τοῦτο

285 788 499 877 μηδὲν
524 783 821 874 ἐνεγκὼν
846 790 1094 854 κτείνει
1128 809 1201 853 τε
1226 782 1347 853 τὸν
1371 782 1764 874 θεράποντα
1789 786 1903 855 καὶ
1928 784 2061 854 σὺν
2088 781 2218 854 αύ-
2245 803 2278 856 5

286 897 378 983 τῷ
410 887 530 959 τὸν
557 885 891 974 δεσπότην
916 881 1045 955 οὐκ
1079 883 1276 966 εἰδώς
1315 881 1404 966 ὥς
1442 886 1890 976 πατροκτόνος
1913 889 2215 975 γέγονεν,

290 989 437 1071 ἑνὸς
475 989 685 1078 μόνου
725 994 863 1058 τῶν
889 987 1370 1073 συνεπομένων
1395 993 1586 1080 Λαΐῳ
1614 988 2098 1077 διαφυγόντος,
2144 984 2219 1068 ὃς

289 1090 373 1180 δὴ
401 1094 515 1160 καὶ
552 1089 673 1160 τὸν
700 1089 917 1178 φόνον
954 1085 1244 1178 ὕστερον
1265 1089 1720 1180 διεσάφησεν,
1751 1086 1842 1170 ὥς
1882 1111 2050 1178 φησι
2075 1097 2218 1158 Σο-

290 1199 544 1282 φοκλῆς
576 1195 651 1262 ἐν
670 1195 986 1260 Οἰδίποδι
1012 1190 1348 1281 τυράννῳ.
1379 1190 1528 1260 τότε
1554 1179 1684 1261 οὖν
1706 1195 2036 1271 Οἰδίπους
2059 1190 2218 1269 τοὺς

290 1302 408 1364 τοῦ
437 1299 654 1363 Λαΐου
693 1297 939 1372 ἵππους
971 1290 1200 1379 λαβὼν
1239 1293 1354 1360 καὶ
1387 1291 1605 1360 πάντα
1631 1290 1712 1360 τὰ
1738 1289 1985 1379 αὐτοῦ,
2015 1318 2221 1360 κατα-
2234 1307 2301 1359 10

286 1395 611 1485 λαμβάνει
652 1392 776 1481 τὴν
802 1392 1156 1482 Κόρινθον
1181 1393 1297 1461 καὶ
1367 1394 1528 1471 δοὺς
1591 1399 1802 1462 ταῦτα
1830 1393 2047 1462 πάντα
2071 1401 2219 1462 Πο-

285 1497 473 1590 λύβῳ
498 1493 753 1585 τροφὰς
781 1488 1051 1565 ἐκεῖθεν
1080 1491 1420 1584 ἀναχωρεῖ
1429 1543 1448 1581 ,
1491 1492 1610 1566 τὸν
1643 1494 1942 1584 περὶτῆς
1967 1520 2218 1582 πατρο-

284 1606 552 1679 κτονίας
590 1601 705 1668 καὶ
741 1604 857 1684 τῆς
884 1604 983 1686 ’τῇ
1020 1599 1221 1687 μητρὶ
1262 1597 1724 1676 συνελεύσεως
1760 1594 2060 1687 χρησμὸν
2101 1600 2218 1663 δε-

286 1700 479 1780 διώς·
514 1696 681 1791 ᾤετο
708 1697 839 1786 γὰρ
878 1700 1165 1786 πατέρας
1196 1694 1408 1766 αὐτοῦ
1447 1705 1538 1789 τῷ
1577 1695 1727 1767 ὄντι
1752 1698 2075 1785 Πόλυβον
2103 1697 2217 1764 καὶ

285 1801 409 1888 τὴν
450 1803 719 1868 ἐκείνου
747 1813 1038 1885 γυναῖκα
1081 1797 1274 1865 εἶναι.
1312 1800 1425 1865 καὶ
1453 1796 1836 1885 ἀφικνεῖται
1869 1797 2036 1886 πρὸς
2076 1795 2218 1884 Θή-
2234 1815 2299 1866 15

288 1910 441 1990 βας,
500 1908 577 1970 αἳ
609 1899 693 1987 δὴ
745 1901 859 1968 καὶ
898 1895 1033 1968 ὑπὸ
1088 1905 1203 1984 τῆς
1242 1896 1552 1985 Σφιγγὸς
1593 1899 2006 1986 έχειμάζοντο
2045 1899 2214 1985 τότε,

286 2001 621 2090 χρησμούς
672 2026 745 2070 τε
787 1995 1232 2091 ῥαψῳδούσης
1285 2000 1398 2066 καὶ
1446 1995 1681 2071 ὅντινα
1729 2001 2043 2088 βούλοιτο
2080 2006 2217 2068 τῶν

284 2108 580 2172 πολιτῶν
625 2098 1043 2191 ἁρπαζούσης·
1088 2101 1203 2168 καὶ
1256 2100 1794 2190 διαφθειρούσης
1846 2101 1960 2170 διὰ
2004 2099 2078 2168 τὸ
2124 2099 2215 2188 μὴ

284 2206 589 2274 συνιέναι
633 2210 811 2290 σφᾶς
847 2207 985 2271 τῶν
1029 2198 1153 2271 ὑπ’
1198 2197 1406 2288 αὐτῆς
1451 2203 1835 2290 λεγομένων
1878 2209 2213 2293 χρησμῶν.

286 2305 578 2393 ἐπήγαγε
624 2304 699 2373 δὲ
750 2303 1001 2392 ταύτην
1055 2299 1093 2371 ὁ
1138 2299 1344 2392 ’Άρης
1401 2309 1754 2390 Θηβαίοις,
1798 2301 2218 2392 ἀμυνόμενος
2232 2315 2300 2367 20

286 2404 535 2486 αὐτοὺς
582 2403 695 2474 διὰ
734 2403 854 2474 τὸν
897 2411 1021 2474 τοῦ
1066 2401 1306 2484 παιδὸς
1340 2404 1708 2494 δράκοντος
1753 2403 2004 2494 φόνον,
2049 2401 2130 2473 ὃν
2177 2402 2214 2473 ὁ

291 2507 556 2595 Κάδμος
591 2503 814 2576 ἀνεῖλε
854 2507 968 2574 καὶ
1010 2503 1171 2585 τοὺς
1199 2502 1482 2586 ὀδόντας
1518 2503 1732 2577 αὐτοῦ
1767 2510 2105 2595 ἔσπειρεν,
2148 2509 2214 2589 ἐξ

286 2599 385 2678 ὧν
456 2605 857 2696 ἂνεφύησαν
900 2613 971 2676 οί
1006 2613 1346 2694 Γίγαντες.
1403 2599 1490 2694 ἦν
1542 2609 1618 2677 δὲ
1672 2611 1864 2698 τέρας
1908 2604 1951 2695 ἡ
1990 2609 2213 2695 Σφὶγξ
2305 2651 2308 2654 -

286 2711 649 2798 πρόσωπον
674 2710 797 2798 μὲν
826 2715 1069 2797 ἔχουσα
1102 2711 1487 2798 παρθένου,
1529 2717 1776 2797 στῆθος
1818 2708 1894 2778 δὲ
1923 2711 2038 2778 καὶ
2073 2723 2215 2795 χεῖ-

286 2839 407 2899 ρας
432 2814 547 2881 καὶ
573 2809 785 2892 πόδας
810 2812 925 2880 καὶ
964 2805 1211 2898 ὄνυχας
1245 2813 1544 2896 λέοντος,
1593 2807 1880 2900 ούραίαν
1930 2811 2005 2880 δὲ
2048 2809 2216 2898 δρά-
2231 2825 2297 2878 25

284 2940 551 3001 κοντος,
594 2910 805 3002 πτερὰ
847 2913 922 2982 δὲ
974 2908 1289 3002 ὄρνιθος,
1332 2909 1426 2981 δι’
1473 2903 1572 2982 οἷν
1614 2917 1866 2982 ἵπτατο.
1912 2918 2102 2999 ἔτυχε
2137 2911 2212 2980 δὲ

286 3022 481 3084 τοῦτο
509 3021 791 3085 εἰποῦσα
816 3015 1079 3085 τοιοῦτό
1107 3041 1171 3084 τι
1200 3029 1340 3094 τοῖς
1370 3018 1692 3102 Θηβαίοις
1721 3012 1871 3082 τότε
1913 3023 2210 3101 αἴνιγμα,

284 3112 374 3196 ὥς
400 3113 885 3206 Ἀσκληπιάδης
916 3113 1296 3207 ἀναγράφει
1313 3138 1328 3154 ·

388 3225 527 3287 ἔστι
556 3225 803 3289 δίπουν
832 3221 941 3289 ἐπὶ
967 3227 1089 3308 γῆς
1115 3220 1231 3288 ’καὶ
1259 3220 1623 3309 τετράπον,
1655 3208 1740 3286 οὗ
1767 3223 1886 3304 μία
1919 3211 2173 3308 μορφή,

385 3321 499 3388 καὶ
556 3326 827 3409 τρίπον·
890 3319 1205 3392 ἀλλάσσει
1257 3321 1332 3388 δὲ
1385 3323 1572 3407 φυὴν
1616 3319 1859 3406 μόνον,
1901 3313 2046 3386 ὅσσ’
2106 3319 2299 3388 ἐπὶὸο

1102 3433 1304 3506 γαῖαν
2027 3435 2032 3442 “

386 3519 629 3606 ἑρπετὰ
656 3529 957 3609 γίνονται
986 3517 1115 3590 ἀνά
1143 3518 1202 3589 τ’
1238 3523 1482 3610 αἰθέρα
1512 3523 1625 3589 καὶ
1653 3519 1820 3589 κατὰ
1848 3521 2115 3589 πόντον.

1335 3789 1652 3888 s
