2534 3917
223 1877 360 1940 XO.

225 2591 351 2650 TP.

226 3101 386 3164 ΜΗ.

1067 172 1419 230 ΜΗΔΕΙΑ
2109 170 2231 238 199

446 348 520 412 τί
543 342 624 411 δέ
652 362 756 412 σοι
790 346 1024 420 παῖδες
1053 337 1299 429 πατρὸς
1330 335 1703 428 ἀμπλακίας

447 445 834 532 μετέχουσι;
868 449 939 511 τί
960 437 1192 513 τούσδ’
1225 449 1481 529 ἔχθεις;
1514 453 1714 531 οἴμοι,

446 549 682 632 τέκνα,
710 544 802 633 μή
833 572 897 613 τι
925 541 1189 633 πάθηθ’
1223 541 1312 625 ὥς
1342 541 1721 635 ὑπεραλγῶ.

445 644 642 716 δεινὰ
667 645 1026 737 τυράννων
1052 645 1307 736 λήματα
1336 655 1457 718 καί
1477 674 1616 729 πως

442 745 622 835 ὀλίγ’
655 745 1011 840 ἀρχόμενοι
1040 745 1253 818 πολλὰ
1288 757 1691 840 κρατοῦντες
2132 769 2231 820 120

444 857 751 939 χαλεπῶς·
778 847 982 939 ὀργάς
1006 849 1560 938 μεταβάλλουσιν.

449 951 524 1022 τὸ
557 950 686 1043 γὰρ
717 958 1024 1022 εἰθίσθαι
1054 959 1172 1041 ζῆν
1197 949 1304 1022 ἐπ’
1340 963 1584 1024 ἴσοισιν

446 1068 789 1144 κρεῖσσον·
823 1056 966 1142 ἐμοὶ
994 1061 1200 1142 γοῦν,
1238 1060 1305 1123 εί
1328 1053 1419 1144 μὴ
1445 1056 1768 1144 μεγάλως,

447 1152 712 1246 ὀχυρῶς
743 1153 810 1245 γ’
852 1166 954 1245 εἴη
981 1155 1535 1245 καταγηράσκειν.

449 1266 586 1327 τῶν
613 1256 742 1348 γὰρ
768 1265 1062 1348 μετρίων
1089 1264 1321 1348 πρῶτα
1348 1257 1473 1345 μὲν
1507 1264 1722 1329 εἰπεῖν
2135 1278 2229 1330 125

446 1356 747 1449 τοῦνομα
773 1366 965 1452 νικᾷ,
995 1366 1300 1450 χρῆσθαί
1318 1386 1389 1430 τε
1420 1367 1655 1453 μακρῷ

446 1467 667 1551 λῷστα
695 1470 1068 1556 βροτοῖσιν·
1099 1460 1180 1532 τὰ
1209 1458 1275 1532 δ’
1309 1458 1801 1552 ὑπερβάλλοντ’

444 1560 694 1634 οὐδένα
722 1563 963 1654 καιρὸν
989 1563 1275 1635 δύναται
1302 1576 1611 1652 θνητοῖς·

446 1672 712 1752 μείζους
740 1663 806 1736 δ’
847 1661 1039 1754 ἄτας,
1070 1662 1234 1736 ὅταν
1262 1663 1555 1757 ὀργισθῇ

450 1772 743 1855 δαίμων,
777 1777 986 1848 οἴκοις
1016 1763 1386 1838 ἀπέδωκεν.
2130 1789 2229 1842 130

443 1875 687 1940 ἔκλυον
716 1868 987 1958 φωνάν,
1018 1876 1262 1940 ἔκλυον
1294 1868 1371 1937 δὲ
1395 1868 1567 1957 βοὰν

448 1978 564 2051 τᾶς
599 1971 937 2042 δυστάνου

448 2079 808 2162 Κολχίδος,
847 2070 1015 2143 οὐδέ
1040 2098 1144 2142 πω
1173 2069 1400 2162 ἤπιος·
1432 2069 1633 2161 ἀλλά,
1664 2074 1921 2163 γεραιά,

450 2177 670 2258 λέξον·
719 2171 829 2248 ἐπ’
876 2173 1269 2265 άμφιπύλου
1318 2172 1448 2265 γὰρ
1496 2182 1626 2245 ἔσω
1666 2176 2013 2266 μελάθρου
2064 2177 2227 2264 γόον

1137 2283 1411 2346 ἔκλυον·
2128 2295 2227 2347 135

446 2374 609 2448 οὐδὲ
642 2379 1054 2470 συνήδομαι,
1084 2369 1142 2448 οἶ
1166 2378 1405 2467 γύναι,
1434 2375 1666 2468 ἄλγεσι
1695 2380 2018 2469 δώματος,

449 2479 603 2550 ἐπεί
625 2508 738 2568 μοι
770 2488 976 2570 φίλον
1001 2484 1382 2572 κέκρανται.

445 2578 570 2652 οὐκ
601 2584 730 2652 εἰσὶ
762 2581 988 2672 δόμοι·
1022 2588 1295 2672 φροῦδα
1323 2581 1453 2672 γὰρ
1481 2580 1612 2672 ἤδη

455 2682 600 2754 τάδ’
622 2708 636 2722 ·
669 2680 707 2754 ὃ
734 2686 860 2773 μὲν
887 2683 1017 2775 γὰρ
1045 2691 1177 2772 ἔχει
1205 2687 1447 2772 λέκτρα
1474 2685 1853 2772 τυράννων,
2128 2702 2229 2754 140

451 2782 493 2874 ἢ
523 2783 589 2855 δ’
625 2791 700 2856 ἐν
725 2786 1058 2875 θαλάμοις
1084 2785 1269 2873 τήκει
1305 2783 1539 2873 βιοτὴν

452 2889 774 2959 δέσποινα
793 2940 813 2977 ,
843 2896 1066 2978 φίλων
1085 2883 1369 2968 οὐδενὸς
1397 2884 1602 2957 οὐδὲν

447 2992 1018 3080 παραθαλπομένη
1046 2990 1265 3078 φρένα
1290 2985 1558 3076 μύθοις.

450 3099 626 3180 αἰαῖ,

449 3195 562 3264 διά
585 3222 720 3283 μου
746 3200 1042 3284 κεφαλᾶς
1068 3191 1235 3282 φλὸξ
1267 3189 1553 3286 οὐρανία

447 3304 640 3385 βαίη·
672 3305 744 3367 τί
767 3299 848 3366 δέ
867 3324 980 3384 μοι
1011 3303 1128 3385 ζῆν
1160 3302 1255 3365 ἔτι
1286 3299 1557 3384 κέρδος;
2124 3309 2226 3363 145

448 3405 584 3480 φεῦ
612 3406 748 3488 φεῦ
765 3421 780 3436 ·
809 3398 1084 3491 θανάτῳ
1111 3401 1613 3484 καταλυσαίμαν

443 3498 683 3588 βιοτὰν
710 3497 1044 3589 στυγερὰν
1070 3504 1511 3589 προλιποῦσα.
