2534 3917
276 181 398 244 214

281 765 442 826 ΜΗ.

273 969 392 1028 ΙΑ.

274 1274 438 1335 MH.

271 1479 391 1538 IA.

1123 181 1469 238 MHAEIA

500 357 713 439 γῆμαί
745 378 827 438 με
855 352 1095 437 λέκτρα
1124 349 1457 437 βασιλέων
1485 343 1527 416 ἃ
1553 354 1688 416 νῦν
1715 356 1863 438 ἔχω,

503 449 655 521 ἀλλ’
689 449 913 542 ὥσπερ
945 450 1136 520 εἷπον
1163 453 1276 518 καὶ
1305 451 1544 538 πάρος,
1574 457 1784 520 σῶσαι
1812 453 2041 522 θέλων
2188 471 2289 525 595

505 554 578 622 σὲ
606 557 718 623 καὶ
745 556 1036 624 τέκνοισι
1063 568 1200 632 τοῖς
1229 556 1410 639 ἐμοῖς
1439 548 1859 643 ὃμοσπόρους

508 664 720 743 φῦσαι
749 655 1125 747 τυράννους
1151 660 1427 741 παῖδας,
1458 661 1672 743 ἔρυμα
1702 656 1979 743 δώμασι.

500 757 590 846 μή
617 785 729 846 μοι
757 760 1018 845 γένοιτο
1047 755 1303 845 λυπρὸς
1334 752 1675 843 εὐδαίμων
1703 764 1849 844 βίος

503 858 661 947 μηδ’
697 857 899 947 ὄλβος
929 855 1109 938 ὅστις
1137 857 1259 947 τὴν
1292 855 1458 946 ἐμὴν
1486 866 1698 942 κνίζοι
1733 863 1971 947 φρένα.

500 958 684 1029 οἷσθ’
720 958 810 1041 ὥς
835 960 1134 1048 μετεύξει
1162 962 1277 1030 καὶ
1304 962 1657 1050 σοφωτέρα
1687 976 1925 1048 φανεῖ,
2182 981 2289 1034 600

502 1061 584 1131 τὰ
615 1061 865 1150 χρηστὰ
891 1062 982 1152 μή
1010 1084 1116 1132 σοι
1143 1061 1369 1153 λυπρὰ
1399 1064 1749 1149 φαινέσθω
1778 1065 1958 1150 ποτέ,

499 1162 658 1253 μηδ’
694 1160 1072 1252 εὐτυχοῦσα
1099 1163 1433 1253 δυστυχὴς
1462 1163 1637 1234 εἶναι
1666 1164 1869 1234 δόκει.

498 1263 746 1356 ὕβριζ’,
775 1266 1003 1355 ἐπειδὴ
1033 1270 1142 1336 σοὶ
1171 1269 1296 1355 μὲν
1324 1263 1458 1336 ἔστ’
1492 1263 1904 1355 ἀποστροφή,

503 1366 632 1457 ἐγώ
665 1366 728 1438 δ’
763 1375 1004 1460 ἔρημος
1030 1369 1232 1457 τήνδε
1263 1372 1638 1456 φευξοῦμαι
1666 1369 1901 1456 χθόνα.

498 1469 669 1558 αὐτὴ
697 1469 845 1540 τάδ’
881 1476 1064 1540 εἵλου
1087 1493 1102 1506 ·
1135 1467 1373 1557 μηδέν’
1411 1467 1616 1540 ἄλλον
1644 1477 1855 1540 αἰτιῶ.
2180 1490 2281 1543 605

272 1580 438 1640 MH.
495 1580 565 1641 τί
589 1579 852 1660 δρώσας
877 1581 1026 1661 μῶν
1052 1579 1359 1661 γαμοῦσα
1384 1574 1497 1640 καὶ
1525 1573 1873 1660 προδοῦσά
1897 1594 2006 1656 σε,

269 1682 390 1743 ΙΑ.

275 1783 436 1844 MH.

270 1887 388 1946 1A.

499 1671 662 1764 ἀρὰς
688 1674 1044 1764 τυράννοις
1075 1672 1390 1753 ἀνοσίους
1418 1670 1749 1762 άρωμένη.

492 1779 605 1846 καὶ
633 1792 772 1859 σοῖς
801 1774 1004 1868 ἀραία
1030 1775 1096 1865 γ’
1129 1767 1300 1847 οὖσα
1328 1776 1637 1863 τυγχάνω
1668 1777 1916 1863 δόμοις.

497 1877 586 1961 ὥς
613 1876 695 1950 οὗ
722 1888 1079 1970 κρινοῦμαι
1107 1882 1327 1949 τῶνδέ
1351 1901 1456 1948 σοι
1482 1876 1563 1947 τὰ
1591 1885 1889 1947 πλείονα.

500 1980 648 2052 ἀλλ’
686 1992 754 2051 εἴ
771 2010 833 2051 τι
863 1983 1094 2071 βούλει
1122 1983 1355 2052 παισὶν
1382 1976 1425 2068 ἦ
1452 1987 1701 2068 σαυτῆς
1730 1987 1918 2069 φυγῇ
2174 1999 2280 2049 610

499 2087 993 2175 προσωφέλημα
1019 2083 1376 2173 χρημάτων
1404 2085 1583 2169 ἐμῶν
1610 2089 1865 2169 λαβεῖν,

497 2183 639 2273 λέγ’
665 2209 678 2223 ·
712 2183 802 2266 ὥς
827 2191 1082 2272 ἕτοιμος
1109 2182 1397 2274 ἀφθόνῳ
1429 2188 1670 2254 δοῦναι
1697 2187 1839 2272 χερὶ

496 2289 706 2368 ξένοις
735 2315 804 2356 τε
833 2291 1118 2374 πέμπειν
1143 2281 1454 2374 σύμβολ’,
1485 2293 1557 2356 οἳ
1590 2285 1922 2376 δράσουσί
1942 2281 2007 2354 σ’
2046 2277 2143 2354 εὖ.

496 2390 608 2457 καὶ
637 2395 844 2457 ταῦτα
871 2387 961 2476 μὴ
993 2390 1291 2456 θέλουσα
1316 2403 1678 2477 μωρανεῖς,
1708 2387 1938 2475 γύναι·

494 2489 744 2578 λήξασα
771 2487 837 2559 δ’
870 2486 1074 2579 ὀργῆς
1101 2496 1450 2580 κερδανεῖς
1480 2487 1821 2578 ἀμείνονα.
2172 2505 2274 2558 615

270 2602 434 2664 MH.
492 2588 639 2664 οὔτ’
675 2588 759 2662 ἂν
787 2595 1033 2676 ξένοισι
1063 2608 1233 2662 τοῖσι
1261 2610 1403 2674 σοῖς
1428 2589 1827 2683 χρησαίμεθ’
1860 2590 1967 2676 ἄν,

273 2909 387 2968 [A.

499 2693 646 2767 οὔτ’
681 2694 766 2767 ἄν
794 2727 855 2768 τι
885 2699 1322 2784 δεξαίμεσθα,
1356 2692 1522 2784 μήθ’
1556 2691 1717 2784 ἡμῖν
1746 2699 1971 2763 δίδου·

495 2807 710 2869 κακοῦ
747 2800 876 2888 γὰρ
905 2796 1153 2887 ἀνδρὸς
1182 2795 1349 2887 δῶρ’
1384 2796 1620 2885 ὄνησιν
1646 2793 1773 2866 οὐκ
1804 2803 1956 2882 ἔχει.

496 2897 644 2968 ἄλλ’
677 2893 806 2970 οὖν
835 2898 964 2986 ἐγώ
997 2899 1122 2985 μὲν
1151 2904 1471 2985 δαίμονας
1500 2899 1941 2986 μαρτύρομαι,

502 2997 590 3080 ὥς
618 2997 828 3070 πάνθ’
863 2997 1236 3088 ὑπουργεῖν
1261 3008 1376 3068 σοι’
1396 3028 1468 3069 τε
1499 3004 1613 3069 καὶ
1640 3006 1899 3079 τέκνοις
1927 3003 2109 3068 θέλω
2128 3022 2141 3034 ·
2172 3015 2279 3070 620

498 3103 604 3171 σοὶ
632 3097 696 3169 δ’
729 3098 853 3170 οὐκ
883 3097 1148 3189 ἀρέσκει
1178 3099 1449 3188 τάγάθ’,
1483 3099 1630 3170 ἀλλ’
1665 3099 1972 3191 αὐθαδίᾳ

500 3209 739 3291 φίλους
769 3201 1062 3272 ἀπωθεῖ·
1107 3202 1339 3292 τοιγὰρ
1371 3201 1655 3291 ἀλγυνεῑ
1679 3206 1902 3273 πλέον.

269 3313 437 3376 ΜΗ.
495 3305 692 3394 χώρει
711 3328 724 3343 ·
757 3305 953 3396 πόθῳ
983 3302 1108 3394 γὰρ
1139 3314 1254 3394 τῆς
1281 3305 1657 3395 νεοδμήτου
1685 3302 1889 3395 κόρης

499 3412 680 3496 αἱρεῖ
711 3415 1032 3497 χρονίζωυ
1061 3409 1387 3495 δωμάτων
1420 3409 1723 3495 ἐξώπιος’
