2534 3917
977 812 1608 880 ΕΥΡΙΠΙΔΟΥ

460 1021 520 1100 Ι
520 1019 737 1100 ΦΙΓ
726 1015 1115 1098 ΕΝΕΙΑ
1172 1017 1269 1096 Η
1323 1013 1498 1094 ΕΝ
1559 1013 1731 1094 ΤΑ
1747 1003 2130 1101 ῩΡΟΙΣ.

292 1402 409 1466 [Φ.
513 1395 747 1474 Πέλοψ
776 1390 811 1462 ὁ
855 1393 1251 1474 Ταντάλειος
1282 1399 1376 1474 εἰς
1403 1401 1628 1463 Πῖσαν
1654 1390 1882 1480 μολών

518 1499 1051 1575 θοαῖσιν-ἵπποις
1084 1496 1430 1584 Οἰνομάου
1458 1510 1662 1583 γαμεῖ
1683 1494 1918 1583 κόρην,

519 1599 583 1678 ἐξ
612 1587 691 1683 ἧς
724 1593 993 1687 Ἀτρεῦς
1025 1605 1376 1685 ἔβλαστεν·
1417 1594 1696 1685 Ἀτρέως
1725 1596 1800 1666 δὲ
1831 1612 1984 1678 παῖς

518 1701 867 1781 Μενέλαος
898 1696 1332 1788 Ἀγαμέμνων
1358 1722 1459 1769 τε·
1489 1705 1611 1769 τοῦ
1639 1696 1705 1768 δ’
1739 1705 1918 1787 ἔφυν
1946 1699 2102 1789 ἐγώ,

519 1807 635 1888 τῆς
672 1806 1089 1891 Τυνδαρείας
1115 1800 1462 1891 θυγατρὸς
1497 1798 1852 1890 Ἰφιγένεια
1882 1816 2058 1890 παῖς,
2274 1824 2312 1874 5

519 1900 605 1992 ἢν
634 1901 807 1992 ἀμφὶ
833 1910 1054 1986 δίναις
1083 1900 1160 1986 ἃς
1187 1902 1355 1994 θάμ’
1380 1900 1681 1992 Εὔριπος
1707 1919 1998 1984 πυκναῖς

435 2041 447 2052 *
519 2003 759 2097 αὔραις
788 2009 1074 2078 ἑλίσσων
1100 2012 1398 2078 κυανέαν
1426 2004 1554 2078 ἅλα
1580 2009 1875 2097 στρέφει,

519 2112 809 2197 ἔσφαξεν
840 2107 1106 2198 Ἑλένης
1140 2112 1369 2196 εἵνεχ’,
1419 2105 1508 2189 ὡς
1540 2114 1762 2196 δοκεῖ,
1793 2105 2010 2197 πατὴρ

509 2207 843 2301 Ἀρτέμιδι
869 2219 1163 2292 κλειναῖς
1190 2214 1265 2280 ἐν
1292 2226 1648 2299 πτυχαῖσιν
1675 2207 1994 2290 Αὐλίδος.

520 2315 821 2382 ἐνταῦθα
850 2310 975 2402 γὰρ
1006 2310 1089 2401 δὴ
1116 2320 1352 2401 χιλίων
1377 2320 1565 2383 ναῶν
1594 2311 1834 2383 στόλον
2233 2333 2305 2384 10

508 2411 902 2503 Ἑλληνικὸν
929 2411 1261 2504 συνήγαγ’
1299 2412 1731 2504 Ἀγαμέμνων
1763 2412 1948 2501 ἅναξ,

519 2514 640 2586 τὸν
665 2524 1059 2586 καλλίνικον
1084 2520 1421 2606 στέφανον
1443 2516 1642 2588 Ἰλίου
1669 2520 1898 2586 θέλων

467 2657 473 2662 -
519 2626 753 2708 λαβεῖν
784 2615 1122 2711 Ἀχαιούς,
1151 2620 1308 2701 τούς
1339 2617 1418 2690 θ’
1449 2617 1904 2710 ὑβρισθέντας
1929 2619 2182 2708 γάμους

508 2719 772 2811 Ἑλένης
797 2731 1183 2811 μετελθεῖν,
1210 2726 1536 2816 Μενέλεω
1562 2723 1762 2812 χάριν
1789 2724 2042 2812 φέρων.

518 2831 743 2912 δεινῆς
771 2822 831 2894 τ’
862 2820 1142 2906 άπλοίας
1169 2826 1576 2914 πνευμάτων
1599 2823 1661 2894 τ’
1695 2820 1778 2895 οὐ
1808 2823 2186 2913 τυγχάνων,
2233 2842 2298 2895 15

520 2932 611 3006 εἰς
640 2923 886 3015 ἔμπυρ’
918 2917 1125 3015 ἦλθε,
1156 2930 1269 2997 καὶ
1297 2930 1475 3017 λέγει
1504 2927 1771 3016 Κάλχας
1799 2926 1987 2998 τάδε·

518 3018 573 3098 c3
600 3025 791 3115 τῆσδ’
824 3025 1139 3098 ἀνάσσων
1160 3027 1472 3112 Ἑλλάδος
1499 3039 1921 3120 στρατηγίας,

510 3127 961 3219 Ἀγάμεμνον,
990 3128 1073 3200 οὗ
1101 3131 1191 3220 μὴ
1218 3141 1388 3214 ναῦς
1416 3130 1774 3225 άφορμήσῃ
1802 3133 2074 3220 χθονός,

517 3233 681 3322 πρὶν
708 3229 793 3302 ἂν
824 3232 1039 3324 κόρην
1066 3233 1193 3323 σὴν
1224 3233 1622 3324 Ἰφιγένειαν
1645 3232 1957 3325 ’Ἄρτεμις

518 3334 690 3425 λάβῃ
716 3351 1124 3426 σφαγεῖσαν·
1156 3333 1198 3406 o'
1226 3367 1290 3406 τι
1329 3366 1458 3428 γαρ
1488 3334 1794 3418 ἐνιαυτὸς
1818 3338 2037 3406 τέκοι
2231 3355 2300 3408 20

515 3435 903 3528 κάλλιστον,
940 3434 1110 3520 εῧξω
1144 3439 1490 3532 φωσφόρω
1518 3439 1765 3510 θύσειν
1792 3447 1944 3530 θεᾷ.

517 3534 700 3610 παῖδ’
740 3543 869 3612 οὐν
896 3546 970 3610 ἐν
998 3551 1211 3623 οἴκοις
1235 3541 1320 3630 σὴ
1354 3509 1916 3632 Κλυταιμνήστρά
1944 3540 2166 3627 δάμαρ

941 3715 1231 3914 ΡΝ,
1327 3709 1330 3714 ’
