2534 3917
342 155 427 219 56

772 159 1229 216 ΙΦΙΓΕΝΕΙΑ
1266 160 1340 216 H
1372 161 1493 218 EN
1527 159 1840 219 AYAIAI

584 326 847 414 Κάλχας
878 323 941 394 δ’
976 323 1013 396 ὁ
1043 327 1277 415 μάντις
1309 333 1402 406 είς
1431 335 1688 398 κανοῦν
1714 331 2133 420 χρυσήλατον
2219 355 2364 409 1565

580 436 829 517 ἔθηκεν
857 425 975 511 ὀξὺ
1004 431 1177 517 χειρὶ
1206 428 1560 517 φάσγανον
1579 431 1842 512 ’σπάσας

580 537 838 600 κολεῶν
868 537 1161 618 ἔσωθεν,
1192 531 1405 620 κρᾶτά
1431 528 1480 600 τ’
1515 537 1792 614 ἔστεψεν
1819 533 2041 624 κόρης.

582 629 617 702 ὃ
650 649 805 711 παῖς
834 629 899 701 δ’
933 627 969 701 ὃ
998 635 1276 720 Πηλέως
1305 637 1379 700 ἐν
1407 633 1634 720 κύκλῳ
1661 633 1894 723 βωμὸν
1923 645 2088 718 θεᾶς

581 732 807 822 λαβὼν
836 741 1095 802 κανοῦν
1123 737 1357 824 ἔθρεξε
1384 734 1802 824 χέρνιβάς.θ’
1836 733 2029 824 ὁμοῦ,

582 839 759 918 ἔλεξε
787 831 857 903 δ’
881 857 896 872 ·
930 825 987 902 ω’
1019 849 1143 903 πατ
1166 837 1405 924 Ζηνός,
1437 831 1494 906 οἶ
1528 837 1922 926 θηροκτόνε,
2217 859 2361 916 1570

580 932 653 1007 τὸ
684 933 990 1026 λαμπρὸν
1014 935 1382 1008 ειῗλίσσουσ’
1416 942 1489 1008 ἐν
1519 935 1820 1029 εὐφρόνῃ
1851 940 2040 1028 φάος,

578 1043 760 1122 δέξαι
788 1036 863 1108 τὸ
892 1045 1083 1126 θῦμα
1113 1035 1258 1110 τόδ’
1287 1036 1334 1109 ὅ
1357 1043 1441 1127 γέ
1464 1064 1570 1110 σοι
1594 1041 2005 1130 δωρούμεθα

577 1139 851 1232 στρατός
877 1137 938 1209 τ’
966 1138 1247 1230 Ἀχαιῶν
1266 1138 1694 1233 Ἀγαμέμνων
1721 1140 1884 1226 ᾶναξ
1916 1141 1990 1212 θ’
2025 1141 2217 1233 ὁμοῦ,

577 1241 905 1332 ἄχραντον
932 1239 1092 1332 αἷμα
1120 1246 1664 1333 καλλιπαρθένου
1690 1247 1909 1334 δέρης,

576 1348 690 1414 καὶ
716 1343 832 1424 δὸς
861 1347 1179 1432 γενέσθαι
1209 1351 1428 1413 πλοῦν
1453 1353 1632 1414 νεῶν
1659 1342 1969 1434 ἀπήμονα
2135 1399 2140 1402 -
2217 1365 2350 1420 1575

587 1453 827 1538 Τροίας
854 1472 926 1514 τε
952 1442 1236 1535 πέργαμ’
1273 1449 1520 1528 ἐξελεῖν
1549 1443 1719 1534 ἡμᾶς
1747 1453 1921 1536 δορί.

576 1556 669 1628 εἰς
712 1555 840 1636 γῆν
880 1543 947 1616 δ’
1002 1543 1332 1636 Ἀτρεῖδαι
1373 1555 1499 1628 πᾶς
1549 1549 1830 1637 στρατός
1884 1546 1943 1616 τ’
1993 1557 2146 1638 ἔστη
2187 1555 2351 1640 βλέ-

1252 1675 1421 1718 πων.

582 1751 770 1840 ίρεῦς
810 1758 883 1823 δὲ
929 1750 1283 1840 φάσγανον
1311 1749 1539 1838 λαβών
1567 1751 1906 1840 ἐπηύξατο,

574 1852 811 1941 λαιμόν
841 1849 900 1921 τ’
936 1849 1390 1939 ἐπεσκοπεῖθ’,
1421 1858 1533 1922 ἵνα
1559 1854 1866 1940 πλήξειεν
1892 1849 2012 1922 ἄν·

576 1958 720 2043 ἐμοὶ
736 1958 813 2022 δέ
831 1981 867 2022 τ
864 1953 1099 2042 ἀλγος
1116 1951 1199 2026 ού
1228 1953 1474 2044 μικρὸν
1503 1954 1710 2044 εἰσῄει
1737 1962 1960 2044 φρενί,
2207 1971 2352 2028 1580

576 2055 828 2146 κάστην
852 2057 1219 2137 νενευκώς·
1252 2064 1488 2143 θαῦμα
1515 2053 1585 2126 δ’
1619 2047 1706 2144 ἦν
1731 2065 1984 2145 αἴφνης
2007 2053 2208 2148 ὁρᾶν·

576 2165 829 2246 πληγῆς
868 2156 1121 2226 κτύπον
1149 2155 1278 2245 γὰρ
1307 2164 1434 2237 πᾶς
1463 2186 1560 2238 τις
1587 2154 1824 2248 ᾔσθετ’
1859 2187 1944 2228 αν
1970 2166 2214 2249 σαφῶς,

573 2259 698 2346 τὴν
725 2261 1069 2346 παρθένον
1096 2256 1165 2327 δ’
1197 2287 1324 2328 ουκ
1351 2257 1536 2329 οἶδεν
1564 2287 1648 2328 ου
1688 2267 1809 2348 γῆς
1840 2263 2084 2331 εἰσέδυ.

574 2365 703 2449 βοᾷ
732 2356 799 2427 δ’
834 2356 1161 2450 ίερεύς,”
1115 2387 1286 2440 απας
1314 2357 1380 2430 δ’
1415 2361 1699 2450 ἐπήχησε
1729 2363 2026 2451 στρατός,

576 2459 862 2530 ἄελπτον
890 2461 1251 2549 εἰσιδόντες
1279 2467 1353 2532 ἐκ
1381 2470 1568 2533 θεῶν
1596 2491 1775 2544 τινος
2206 2481 2350 2536 1585

578 2559 814 2652 φάσμ’,
847 2553 933 2632 οὗ
960 2591 1037 2652 γε
1064 2561 1225 2652 μηδ’
1258 2560 1608 2657 ὁρωμένου
1636 2573 2136 2659 πίστιςιπαρῆν·

577 2675 821 2755 ἔλαφος
848 2664 977 2756 γὰρ
1008 2664 1407 2757 ἀσπαίρουσ’
1441 2664 1640 2737 ἔκειτ’
1675 2669 1784 2736 ἐπὶ
1809 2669 2014 2754 χθονὶ

578 2774 749 2837 ἰδεῖν
774 2775 1049 2856 μεγίστη
1080 2768 1449 2860 διαπρεπής
1475 2796 1549 2838 τε
1575 2767 1698 2856 τὴν
1726 2771 1920 2855 θέαν,

575 2861 655 2957 ἧς
682 2873 907 2954 αἵματι
934 2867 1156 2955 βωμὸς
1184 2866 1472 2958 ἐραίνετ’
1515 2867 1732 2961 ἄρδην
1757 2877 1875 2958 τῆς
1903 2878 2096 2941 θεοῦ.

576 2965 706 3039 κᾶν
732 2972 905 3059 τῷδε
932 2969 1197 3057 Κάλχας
1224 2978 1364 3050 πῶς
1392 2976 1613 3052 δοκεῖς
1639 2979 1895 3059 χαίρων
1923 2979 2053 3060 ἔφη
2073 2992 2087 3008 ·
2215 2988 2351 3042 1590

578 3062 632 3140 ὦ
659 3067 851 3140 τοῦδ’
889 3065 1170 3157 Ἀχαιῶν
1198 3079 1504 3162 κοίρανοι
1533 3081 1772 3142 κοινοῦ
1802 3079 2111 3164 στρατοῦ,

575 3170 774 3262 ὁρᾶτε
802 3170 1004 3261 τήνδε
1031 3179 1320 3260 θυσίαν,
1351 3169 1436 3259 ἣν
1463 3170 1505 3261 ἡ
1533 3171 1697 3256 θεὸς

576 3275 926 3364 προύθηκε
954 3279 1247 3363 βωμίαν,
1281 3281 1535 3364 ἔλαφον
1563 3273 1999 3367 ὀρειδρόμον;

574 3375 825 3464 ταύτην
853 3375 1134 3463 μάλιστα
1159 3383 1278 3464 τῆς
1303 3377 1507 3468 κόρης
1535 3373 1910 3465 ἀσπάζεται,
1997 3419 2002 3425 -

576 3475 663 3559 ὥς
691 3477 779 3566 μὴ
808 3476 1009 3568 μιάνῃ
1038 3476 1271 3568 βωμὸν
1299 3475 1567 3567 εὐγενεῖ
1590 3479 1801 3574 φόνῳ.
2217 3493 2348 3548 1595
