2534 3917
294 180 419 244 136
1236 187 1406 246 ΙΩΝ

526 354 760 444 πόσιν,
795 359 870 426 ἐν
906 347 962 448 ᾧ
992 355 1075 424 τὰ
1103 353 1306 426 πάντ’
1347 355 1576 445 ἔχουσ’
1607 361 1906 429 ἐλπίδων

520 457 793 546 μέτοχος
826 448 915 546 ἦν
940 458 1244 547 τλάμων;

519 565 653 629 νῦν
687 556 754 630 δ’
792 562 835 650 ἢ
864 560 990 648 μὲν
1023 568 1205 652 ἔρρει
1238 578 1653 652 συμφοραῖς,
1687 563 1724 632 ὃ
1762 560 1831 633 δ’
1867 560 2156 652 εὐτυχεῖ,

526 660 767 732 πολιὸν
802 669 1205 734 εἰσπεσοῦσαι
1233 670 1476 753 γῆρας,
1505 665 1700 746 πόσις
1727 662 1791 734 δ’
2209 683 2318 739 700

524 759 781 846 ἀτίετος
813 773 1057 855 φίλων.

520 868 785 956 μέλεος,
822 863 897 948 ὃς
924 878 1214 958 θυραῖος
1246 867 1476 940 ἐλθών
1501 869 1752 956 δόμους

528 971 742 1057 μέγαν
775 973 843 1048 ἐς
868 965 1080 1058 ὄλβον
1109 968 1236 1040 οὐκ
1273 978 1526 1042 ἔσωσεν
1559 971 1783 1058 τύχας.

530 1067 739 1141 ὄλοιτ’
778 1067 1002 1142 ὄλοιτο

528 1173 814 1244 πότνιαν
839 1171 1203 1262 ἐξαπαφὼν
1234 1174 1401 1261 ἐμάν
1421 1197 1438 1211 ·
2211 1192 2320 1248 705

525 1278 640 1345 καὶ
666 1287 935 1346 θεοῖσιν
965 1274 1057 1364 μὴ
1085 1275 1277 1363 τύχοι

527 1385 946 1467 καλλίφλογα
978 1381 1273 1447 πέλανον
1301 1380 1412 1448 ἐπὶ

524 1481 692 1569 πυρὶ
720 1486 1139 1567 καθαγνίσας
1157 1503 1173 1517 ·
1206 1479 1280 1549 τὸ
1318 1477 1384 1550 δ’
1421 1477 1585 1569 ἐμὸν
1613 1489 1861 1550 εἴσεται

525 1589 557 1624 *
660 1586 693 1626 *
796 1594 829 1634 *
934 1595 967 1634 *
1074 1595 1107 1635 *
2209 1601 2318 1656 710

528 1697 562 1735 *
601 1696 634 1736 *
682 1689 1088 1774 τυραννίδος
1114 1691 1303 1772 φίλα.

525 1781 657 1875 ’ἤδη
692 1789 895 1867 πέλας
926 1792 1225 1856 δείπνων
1256 1801 1459 1876 κυρεῖ

526 1904 682 1969 παῖς
706 1891 821 1958 καὶ
853 1888 1069 1980 πατὴρ
1096 1892 1246 1968 νέος
1273 1891 1472 1958 νέων.

524 1987 604 2060 ἰω
635 1991 941 2082 δειράδες
972 1998 1345 2083 Παρνασοῦ
1379 1993 1624 2081 πέτρας

524 2099 794 2181 ἔχουσαι
828 2093 1164 2164 σκόπελον
1188 2089 1519 2183 ούράνιόν
1549 2091 1628 2162 θ’
1666 2097 1891 2184 ἕδραν,
2205 2109 2308 2164 715

524 2201 636 2265 ἴνα
664 2195 951 2282 Βάκχιος
995 2193 1434 2285 ἀμφιπύρους
1461 2193 1721 2284 ἀνέχων
1754 2193 2005 2274 πεύκας

522 2295 817 2387 λαιψηρά
849 2302 1033 2388 πηδᾷ
1063 2297 1497 2382 νυκτιπόλοις
1527 2295 1663 2387 ἅμα
1689 2295 1819 2368 σὺν
1845 2295 2154 2386 Βάκχαις.

525 2397 617 2486 μή
650 2407 723 2466 τί
743 2395 895 2468 ποτ’
934 2406 1030 2480 εἰς
1058 2398 1226 2488 ἐμὰν
1258 2399 1461 2471 πόλιν
1487 2398 1706 2471 ἵκοιθ’
1737 2396 1772 2470 ὁ
1814 2416 1991 2488 παῖς,

519 2503 685 2569 νέαν
715 2498 782 2570 δ’
820 2497 1075 2590 ἁμέραν
1110 2499 1461 2572 ἀπολιπων
1493 2503 1722 2574 θάνοι.
2209 2517 2312 2572 720

520 2605 885 2692 στενομένα
915 2603 1045 2696 γὰρ
1074 2634 1157 2674 αν
1190 2604 1382 2688 πόλις
1407 2611 1546 2693 ἔχοι
1572 2611 1828 2740 σκῆψιν

519 2705 788 2788 ξενικὸν
815 2708 1149 2796 εἰσβολάν.

521 2806 669 2889 αλις
734 2810 770 2880 ὁ
836 2817 1050 2900 πάρος
1110 2808 1400 2900 ἀρχαγὸς
1427 2839 1525 2879 ων

511 2906 867 3000 Ἐρεχθεὺς
899 2907 1083 2992 αναξ.

282 3019 424 3080 ΚΡ.
515 3001 571 3079 ὦ
596 3015 856 3102 πρέσβυ
883 3010 1262 3101 παιδαγώγ’
1294 3009 1659 3104 Ἐρεχθέως
1685 3009 1934 3104 πατρὸς
2207 3028 2308 3085 72⁵

518 3109 777 3201 τούμοῦ
806 3111 960 3182 ποτ’
992 3111 1221 3204 ὄντος,
1249 3111 1433 3203 ἡνίκ’
1469 3107 1558 3205 ἦν
1583 3113 1680 3187 ἔτ’
1719 3121 1796 3186 ἐν
1827 3114 2008 3204 φάει,

518 3222 753 3306 ἔπαιρε
782 3213 1035 3285 σαυτὸν
1068 3215 1237 3307 πρὸς
1264 3224 1440 3288 θεοῦ
1463 3216 1853 3309 χρηστήρια,

519 3320 610 3398 ὥς
642 3345 757 3405 μοι
792 3325 1175 3410 συνησθῇς,
1214 3330 1284 3390 εἴ
1308 3346 1372 3388 τι
1402 3324 1647 3404 Λοξίας
1681 3319 1847 3402 ἅναξ

518 3421 861 3506 θέσπισμα
894 3424 1160 3490 παίδων
1187 3427 1284 3500 εἰς
1313 3421 1518 3506 γονὰς
1547 3425 1922 3510 ἐφθέγξατο
1939 3442 1956 3458 ·

521 3517 655 3589 σῦν
685 3535 823 3601 τοῖς
850 3527 1074 3608 φίλοις
1099 3520 1228 3612 γὰρ
1256 3517 1391 3608 ἡδὺ
1419 3524 1544 3611 μὲν
1571 3524 1904 3616 πράσσειν
1929 3531 2152 3607 καλῶς
2168 3549 2183 3563 ·
2206 3541 2312 3598 ⁷30
