2534 3917
1122 215 1509 273 ΟΡΕΣΤΗΣ
2174 219 2297 281 299

515 372 869 472 ἕτερονιείς
903 380 1140 470 ἀγῶν’,
1174 386 1405 472 ἕτερον
1433 374 1525 454 αὖ
1555 385 1758 473 δόμος

512 484 813 575 φοβερὸν
847 482 1022 573 ἀμφὶ
1047 482 1204 565 τοὺς
1226 482 1565 573 Ἀτρείδας
1590 494 1830 555 πίτνει.

288 596 548 657 ΗΜΙΧ.
578 594 650 655 τί
670 593 974 675 δρῶμεν;
1002 583 1431 674 ἀγγέλλωμεν
1461 594 1554 668 εἰς
1580 588 1780 657 πόλιν
1808 589 2001 673 τάδε;

512 684 556 777 ἦ
585 684 724 775 σῖγ’
765 696 1052 775 ἔχωμεν;
1083 696 1354 758 ΗΜΙΧ.
1386 685 1906 779 ἀσφαλέστερον,
1927 700 2137 779 φίλαι.
2159 710 2291 763 1540

283 798 546 859 HMIX.
583 796 686 859 ἴδε
719 787 850 879 πρὸ
880 789 1208 876 δωμάτων
1235 796 1341 860 ἴδε
1371 790 1829 879 προκηρύσσει
2044 783 2054 793 ’

512 891 780 974 θοάζων
808 887 912 959 ὅδ’
951 893 1224 980 αἰθέρος
1251 888 1393 961 ἅνω
1422 893 1694 973 καπνός.

278 1000 545 1063 ΗΜΙΧ.
577 988 859 1061 ἅπτουσι
886 992 1138 1071 πεύκας
1167 987 1256 1072 ὥς
1286 991 1713 1082 πυρώσοντες
1748 994 1999 1081 δόμους

507 1093 664 1174 τοὺς
699 1101 1176 1180 Τανταλείους,
1206 1090 1361 1163 οὐδ’
1397 1090 1798 1181 ἀφίστανται
1825 1095 2067 1181 φόνου.

280 1203 420 1263 XO.
500 1198 684 1275 τέλος
713 1202 845 1282 ἔχει
875 1201 1136 1282 δαίμων
1163 1202 1451 1284 βροτοῖς,
2150 1214 2283 1268 1545

505 1299 692 1375 τέλος
718 1293 852 1387 ὅπᾳ
878 1298 1088 1365 θέλει.

504 1396 758 1485 μεγάλα
785 1400 867 1465 δέ
895 1424 992 1477 τις
1020 1392 1062 1465 ἆ
1091 1396 1376 1484 δύναμις
1396 1418 1409 1433 ·
1442 1394 1536 1465 δι’
1569 1393 1882 1485 ἆλάστορ’

509 1496 690 1568 ἔπεσ’
725 1506 919 1569 ἔπεσε
944 1502 1252 1588 μέλαθρα
1286 1497 1447 1568 τάδε
1474 1494 1567 1566 δι’
1601 1499 1901 1585 αἱμάτων

505 1598 616 1669 διὰ
641 1598 717 1669 τὸ
751 1608 1114 1689 Μυρτίλου
1143 1596 1384 1687 πέσημ’
1417 1604 1493 1668 ἐκ
1520 1605 1794 1689 δίφρου.

507 1700 675 1771 ἀλλὰ
730 1700 865 1789 μὴν
919 1703 1033 1771 καὶ
1087 1700 1286 1771 τόνδε
1326 1700 1591 1770 λεύσσω
1636 1705 2005 1771 Μενέλεων
2054 1703 2283 1792 δόμων

1183 1804 1385 1882 πέλας

497 1902 1254 1995 [ὀξύπουν,ᾐσθημένον
1282 1928 1416 1972 που
1444 1902 1568 1991 τὴν
1596 1904 1806 1991 τύχην
1830 1907 1876 1991 ἢ
1894 1911 2025 1971 νῦν
2049 1908 2282 1992 πάρα].

503 2004 728 2076 οὐκέτ’
761 2004 847 2076 ἄν
877 2007 1208 2095 φθάνοιτε
1237 2012 1505 2097 κλῇθρα
1548 2013 2120 2096 συμπεραίνοντες
2158 2035 2281 2093 μο·

1188 2116 1391 2195 χλοῑς,
2147 2126 2275 2176 1551

507 2200 561 2277 ὦ
587 2208 756 2279 κατὰ
783 2212 1014 2297 στέγας
1054 2206 1404 2298 Ἀτρεΐδαι.
1450 2207 1679 2277 δεινὸν
1709 2206 2013 2297 εὐτυχῶν
2041 2206 2211 2295 ἀνὴρ

503 2310 671 2401 πρὸς
703 2319 924 2392 κακῶς
951 2312 1388 2401 πράσσοντας,
1402 2312 1491 2390 ὥς
1515 2312 1601 2379 σύ
1624 2318 1781 2396 νῦν,
1799 2312 2092 2395 Ὀρέστα,
2116 2312 2273 2375 δυσ-

1190 2428 1429 2500 τυχεῖς.

277 2522 429 2583 ΜΕ.
495 2510 635 2602 ἥκω
663 2515 891 2584 κλύων
921 2514 1001 2583 τὰ
1035 2514 1228 2584 δεινὰ
1256 2516 1373 2583 καὶ
1400 2514 1767 2604 δραστήρια

500 2622 763 2685 δισσοῖν
788 2616 1119 2685 λεόντοιν·
1151 2614 1233 2685 οὐ
1263 2616 1393 2705 γὰρ
1430 2614 1625 2703 ἄνδρ’
1667 2614 1849 2684 αὐτοὶ
1880 2623 2083 2684 καλῶ.
2145 2633 2277 2684 1555

499 2713 762 2805 ἥκουσα
787 2718 915 2806 γάρ
950 2715 1033 2805 δὴ
1069 2715 1196 2805 τὴν
1229 2716 1396 2806 ἐμὴν
1430 2716 1765 2805 ξυνάορον

502 2816 590 2899 ὡς
615 2815 700 2887 οὗ
726 2823 1091 2906 τέθνηκεν,
1129 2816 1279 2887 ἀλλ’
1311 2816 1899 2906 ἄφαντος-οἴχεται,

498 2919 708 3007 κενὴν
735 2918 1026 3001 ἀκούσας
1055 2921 1280 3008 βάξιν,
1314 2916 1403 3009 ἣν
1426 2918 1621 3013 φόβῳ
1649 2922 1929 3009 σφαλεὶς

499 3020 776 3111 ἤγγειλέ
799 3029 922 3111 μοί
943 3049 1063 3102 τις.
1098 3019 1266 3091 ἀλλὰ
1297 3030 1419 3091 τοῦ
1438 3023 1907 3112 ’μητροκτόνου

497 3119 878 3213 τεχνάσματ’
913 3126 1051 3193 ἐστὶ
1078 3132 1289 3194 ταῦτα
1315 3127 1429 3193 καὶ
1460 3123 1670 3205 πολὺς
1697 3130 1924 3214 γέλως.
2141 3139 2275 3193 1560

499 3222 820 3312 ἀνοιγέτω
853 3255 951 3307 τις
979 3231 1168 3316 δῶμα
1185 3249 1199 3265 ·
1229 3227 1635 3317 προσπόλοις
1663 3230 1835 3314 λέγω

499 3425 844 3516 ῥυσώμεθ’
879 3426 1150 3520 ἀνδρῶν
1177 3435 1250 3499 ἐκ
1284 3437 1501 3519 χερῶν
1526 3430 1911 3517 μιαιφόνων

495 3532 609 3597 καὶ
641 3528 766 3617 τὴν
792 3530 1113 3600 τάλαιναν
1143 3530 1393 3601 ἀθλίαν
1421 3528 1702 3621 δάμαρτ’
1734 3528 1902 3617 ἐμὴν
