2534 3917
960 179 1418 238 ΦΟΙΝΙΣΣΑΙ
2043 175 2168 240 445

152 351 357 416 ΑΓΓ.
393 343 598 415 ἄκουε
626 346 711 432 δή
736 373 870 416 νυν
900 348 1011 415 καὶ
1047 344 1126 414 τὰ
1155 343 1321 433 πρὸς
1349 346 1606 426 τούτοις
1635 345 1826 416 κακά.

388 448 479 526 ὡς
505 447 633 530 γὰρ
664 450 873 514 τέκνω
904 445 1172 513 πεσόντ’
1209 448 1550 532 ἐλειπέτην
1577 451 1761 532 βίον,

388 552 465 618 ἐν
493 554 667 641 τῷδε
694 547 907 636 μήτηρ
941 541 982 634 ή
1012 546 1292 616 τάλαινα
1317 555 1726 636 προσπίτνει.

394 651 843 738 τετρωμένους
871 645 936 716 δ’
971 653 1211 718 ἰδοῦσα
1239 655 1544 738 καιρίους
1569 649 1832 740 σφαγὰς
2043 666 2164 720 1431

393 749 695 844 ᾤμωξεν·
735 741 790 819 ὦ
815 747 1023 836 τέκν’,
1052 746 1298 839 ὑστέρα
1326 751 1700 840 βοηδρόμος

394 854 684 942 πάρειμι.
715 858 1215 941 προσπίτνουσα
1245 847 1310 919 δ’
1343 854 1418 920 ἐν
1442 855 1632 941 μέρει
1659 855 1858 922 τέκνα

392 950 603 1024 ἔκλαι’
637 953 912 1042 ἐθρήνει
938 952 1057 1023 τὸν
1084 951 1303 1024 πολύν
1329 952 1545 1044 μάτην
1573 954 1784 1026 πόνον

391 1053 722 1142 στένουσ’,
750 1052 1012 1144 ἀδελφή
1040 1050 1116 1123 θ’
1148 1051 1191 1142 ἡ
1220 1052 1704 1143 παρασπίζουσ’
1738 1051 1910 1144 ὁμοῦ
1931 1077 1947 1092 ·
2039 1071 2172 1124 1435

392 1148 448 1225 αἶ
472 1153 867 1246 γηροβοσκώ
897 1155 1179 1245 μητρός,
1211 1147 1266 1224 ὦ
1295 1155 1551 1243 γάμους
1577 1155 1776 1244 ἐμοὺς

394 1255 711 1346 προδόντ’
754 1253 1027 1345 ἀδελφώ
1058 1257 1376 1344 φιλτάτω.
1410 1259 1708 1345 στέρνων
1738 1253 1802 1324 δ’
1837 1252 1970 1326 ἄπο

396 1355 651 1447 φύσημ’
686 1355 869 1439 ἀνεὶς
889 1360 1281 1446 δύσθνητον
1298 1353 1637 1445 Ἐτεοκλῆς
1663 1355 1827 1439 ἅναξ

394 1457 640 1548 ἤκουσε
666 1460 947 1549 μητρός,
984 1457 1297 1540 κάπιθεὶς
1325 1455 1545 1548 ὑγρὰν
1569 1461 1731 1547 χέρα

394 1560 636 1651 φωνήν
663 1562 788 1652 μὲν
813 1558 940 1632 ούκ
966 1558 1267 1652 ἀφῆκεν,
1298 1557 1615 1650 ὀμμάτων
1642 1558 1709 1631 δ’
1741 1557 1871 1631 ἄπο
2038 1577 2175 1630 1440

393 1679 711 1749 προσεῖπε
743 1664 1093 1752 δακρύοις,
1126 1661 1295 1733 ὥστε
1322 1669 1612 1751 σημῆναι
1642 1670 1828 1751 φίλα.

394 1759 429 1831 ὃ
460 1759 527 1832 δ’
560 1755 646 1852 ἦν
673 1761 769 1834 ἔτ’
802 1771 1127 1851 ἔμπνους,
1158 1762 1327 1851 πρὸς
1354 1763 1763 1850 κασιγνήτην
1792 1759 1858 1831 δ’
1894 1760 2061 1831 ἰδὼν

393 1865 638 1954 γραῖάν
664 1893 735 1934 τε
762 1859 992 1954 μητέρ’
1026 1862 1171 1934 εἶπε
1197 1870 1619 1951 Πολυνείκης
1646 1862 1806 1933 τάδε
1825 1886 1839 1900 ·

395 1961 877 2055 ἀπωλόμεσθα,
905 1972 1110 2054 μῆτερ
1128 1987 1144 2002 ·
1176 1972 1485 2053 οἰκτείρω
1516 1965 1590 2034 δὲ
1616 1965 1692 2035 σὲ
1767 2055 1776 2062 ι

394 2071 507 2137 καὶ
532 2064 721 2156 τήνδ’
757 2064 1064 2156 ἀδελφὴν
1090 2069 1203 2136 καὶ
1230 2074 1640 2155 κασίγνητον
1667 2067 1932 2154 νεκρόν.
2042 2081 2171 2136 1445

396 2177 589 2258 φίλος
619 2168 747 2259 γὰρ
776 2165 1019 2256 ἐχθρὸς
1048 2165 1325 2258 ἐγένετ’,
1355 2165 1502 2237 ἀλλ’
1534 2163 1713 2257 ὅμως
1741 2175 1953 2256 φίλος.

394 2272 625 2354 θάψον
653 2275 735 2342 δέ
761 2268 832 2360 μ’
867 2263 923 2339 ὦ
949 2277 1235 2340 τεκοῦσα
1262 2273 1378 2339 καὶ
1405 2267 1491 2339 σύ
1519 2268 1810 2358 σύγγονε

395 2377 469 2442 ἐν
494 2381 579 2462 γῇ
609 2373 917 2466 πατρῴᾳ,
950 2375 1063 2442 καὶ
1098 2372 1299 2442 πόλιν
1323 2375 1770 2461 θυμουμένην

396 2488 915 2564 παρηγορεῖτον,
945 2469 1035 2553 ὥς
1059 2473 1338 2544 τοσόνδε
1364 2481 1536 2562 γοῦν
1563 2473 1741 2561 τύχω

394 2572 645 2662 χθονὸς
671 2573 1009 2666 πατρῴας,
1038 2581 1147 2643 κεί
1170 2575 1421 2662 δόμους
1451 2571 1780 2646 ἀπώλεσα.
2045 2590 2174 2645 1450

391 2675 815 2765 ξυνάρμοσον
842 2675 919 2746 δὲ
944 2675 1250 2765 βλέφαρά
1277 2703 1410 2763 μου
1436 2683 1516 2766 τῇ
1542 2684 1626 2766 σῇ
1653 2685 1819 2766 χερί,

399 2785 604 2870 μῆτερ
638 2821 711 2830 -
745 2785 976 2865 τίθησι
1007 2774 1072 2847 δ’
1106 2773 1310 2858 αὐτὸς
1338 2773 1653 2866 ὀμμάτων
1681 2785 1792 2848 ἔπι
1823 2819 1897 2831 --

400 2883 514 2948 καὶ
543 2876 795 2969 χαίρετ’
817 2902 833 2917 ·
870 2875 999 2968 ἤδη
1031 2879 1159 2969 γάρ
1190 2907 1273 2967 με
1302 2879 1686 2970 περιβάλλει
1712 2881 1966 2962 σκότος.

401 2978 601 3070 ἄμφω
632 2978 695 3050 δ’
732 2977 846 3069 ἅμ’
887 2983 1292 3062 ἐξέπνευσαν
1319 2978 1563 3050 ἄθλιον
1589 2987 1763 3069 βίον.

396 3084 610 3172 μήτηρ
642 3080 708 3150 δ’
744 3081 925 3163 ὅπως
953 3085 1169 3152 ἐσεῖδε
1203 3082 1406 3170 τήνδε
1434 3082 1816 3172 συμφοράν,
2038 3098 2170 3151 1455

397 3179 914 3274 ὖπερπαθήσασ’
945 3180 1193 3274 ἥρπασ’
1225 3187 1300 3254 ἐκ
1329 3193 1592 3275 νεκρῶν
1626 3187 1820 3272 ξίφος

399 3282 691 3375 κᾶπραξε
722 3285 943 3354 δεινά·
987 3284 1099 3354 διὰ
1125 3288 1334 3372 μέσου
1360 3286 1489 3375 γὰρ
1516 3280 1797 3372 αὐχένος

395 3513 499 3603 σὺν
534 3511 805 3586 παρθένῳ
866 3533 925 3569 τε
987 3515 1082 3568 καὶ
1112 3517 1412 3587 προθυμίᾳ
1446 3512 1644 3579 ποδός.
2042 3521 2174 3570 1430
