2534 3917
324 224 447 287 294

332 2340 474 2401 XO.

333 2442 466 2503 ΦΡ.

1143 223 1529 282 ΟΡΕΣΤΗΣ

556 403 741 486 ἔρροι
769 402 883 476 τᾶς
913 391 1173 484 ἡσύχου
1202 400 1465 483 προνοί-

553 526 629 577 ας
658 504 1030 586 κακοῦργος
1060 492 1177 566 ὤν.

555 604 628 667 οἳ
650 601 726 669 δὲ
751 597 917 689 πρὸς
944 598 1243 688 θρόνους
1272 604 1401 666 ἔσω

557 700 875 789 μολόντες
903 691 980 782 ἇς
1009 695 1201 788 ἔγημ’
1235 695 1271 767 ὁ
1302 698 1571 780 τοξότας
1600 696 1819 788 Πάρις

555 803 909 891 γυναικός,
941 799 1119 892 ὄμμα
1148 798 1467 890 δακρύοις
2216 820 2348 873 1410

557 906 1018 995 πεφυρμένοι,
1047 905 1353 974 ταπεινοὶ

558 1004 811 1094 ἕζονθ’,
846 1001 883 1076 ὃ
909 1007 1033 1095 μὲν
1058 1005 1133 1075 τὸ
1162 1016 1431 1092 κεῖθεν,
1460 1005 1499 1074 ὃ
1531 1004 1607 1073 δὲ

560 1107 633 1178 τὸ
663 1120 934 1196 κεῖθεν,
965 1105 1163 1190 ἄλλος
1191 1105 1489 1178 ἄλλοθεν
1516 1108 1996 1196 πεφραγμένοι.

559 1213 714 1302 περὶ
745 1212 818 1281 δὲ
848 1212 1021 1299 γόνυ
1047 1214 1244 1302 χέρας
1278 1216 1570 1290 ἱκεσίους

560 1322 804 1402 ἔβαλον
834 1321 1079 1402 ἔβαλον
1097 1311 1363 1394 Ἑλένας
1390 1310 1613 1401 ἄμφω.
2216 1328 2349 1381 1415

561 1413 691 1484 ἀνὰ
718 1418 794 1484 δὲ
825 1416 1156 1505 δρομάδες
1185 1423 1436 1505 ἔθορον
1465 1421 1712 1500 ἔθορον

558 1514 929 1606 ἀμφίπολοι
957 1516 1223 1605 Φρύγες
1240 1539 1256 1554 ·

560 1633 881 1707 προσεῖπε
907 1615 976 1687 δ’
1009 1615 1206 1699 ἄλλος
1233 1612 1440 1687 ἄλλον
1467 1615 1693 1687 πεσών
1721 1620 1795 1686 ἐν
1823 1617 2039 1710 φόβῳ,

556 1720 648 1809 μή
679 1749 777 1802 τις
812 1731 914 1809 εἴη
945 1719 1158 1801 δόλος.

559 1820 836 1894 κάδόκει
863 1838 1000 1906 τοῖς
1028 1822 1152 1913 μὲν
1181 1818 1287 1909 οὗ,
2222 1836 2355 1889 1420

565 1941 702 2005 τοῖς
732 1922 799 1994 δ’
837 1931 903 2008 ἐς
932 1923 1356 2018 ἀρκυστάταν

559 2026 867 2115 μηχανὰν
896 2032 1248 2117 ἐμπλέκειν

564 2136 771 2200 παῖδα
799 2129 923 2201 τὰν
959 2125 1328 2218 Τυνδαρίδ’
1362 2123 1397 2196 ὁ

561 2232 1028 2321 μητροφόντας
1059 2231 1352 2319 δράκων.

556 2332 642 2403 σύ
672 2331 737 2402 δ’
769 2325 952 2422 ἦσθα
980 2340 1114 2402 ποῦ
1144 2326 1300 2408 τότ’;
1339 2325 1384 2417 ἦ
1410 2330 1613 2400 πάλαι
1643 2330 1922 2418 φεύγεις
1950 2330 2180 2423 φόβῳ;
2217 2346 2357 2399 1425

560 2442 885 2525 Φρυγίοις
914 2442 1153 2523 ἔτυχον
1182 2440 1543 2523 Φρυγίοισι
1568 2433 1799 2521 νόμοις

564 2535 744 2628 παρὰ
771 2537 1148 2630 βόστρυχον
1173 2533 1396 2626 αὔραν
1425 2532 1644 2626 αὔραν

552 2636 818 2724 Ἑλένας
835 2636 1100 2723 Ἑλένας
1131 2637 1375 2727 εύπᾶγι
1404 2639 1631 2732 κύκλῳ

562 2752 853 2839 πτερίνῳ
882 2743 1014 2836 πρὸ
1046 2748 1373 2834 παρηίδος
1407 2740 1633 2833 ᾄσσων

565 2848 930 2937 βαρβάροις
958 2848 1286 2935 νόμοισιν.
2222 2858 2366 2912 1430

567 2946 610 3015 ἃ
637 2948 714 3016 δὲ
741 2956 933 3017 λίνον
958 2944 1258 3037 ἠλακάτᾳ

564 3049 918 3128 δακτύλοις
946 3053 1182 3135 ἕλισσε,

563 3150 742 3238 νῆμά
769 3146 845 3219 θ’
879 3156 1013 3219 ἵετο
1041 3152 1244 3241 πέδῳ,
1364 3205 1367 3208 Α

565 3253 836 3323 σκύλων
864 3257 1188 3343 Φρυγίων
1216 3251 1325 3321 ἐπὶ
1350 3250 1608 3339 τύμβον
1636 3247 1978 3343 ἀγάλματα

565 3362 953 3424 συστολίσαι
982 3360 1316 3445 χρῄζουσα
1343 3362 1541 3445 λίνῳ,
2221 3366 2376 3420 1435

566 3455 785 3545 φάρεα
811 3456 1198 3547 πορφύρεα,
1233 3461 1419 3546 δῶρα
1446 3455 2029 3545 Κλυταιμνήστρᾳ.

567 3572 926 3645 προσεῖπεν
951 3558 1016 3626 δ’
1039 3556 1340 3643 Ὀρέστας
