2534 3917
316 159 437 222 126
1224 158 1390 216 ΙΩΝ

546 324 631 393 σύ
661 321 728 393 δ’
764 320 937 410 ἀμφὶ
965 321 1252 410 βωμούς,
1286 312 1341 391 ὦ
1366 321 1603 410 γύναι,
1633 323 2121 414 δαφνηφόρους

550 433 852 514 λαβοῦσα
878 431 1171 512 κλῶνας,
1204 420 1562 503 εὐτέκνους
1593 421 1795 512 εὔχου
1824 435 2015 510 θεοῖς

548 524 883 616 χρησμούς
908 522 982 613 μ’
1016 529 1316 613 ἐνεγκεῖν
1345 529 1410 608 ἐξ
1434 523 1850 607 ’Λπόλλωνος
1877 527 2124 616 δόμων.

319 637 454 698 ΚΡ.
548 637 728 698 ἔσται
753 625 902 697 τάδ’
937 635 1137 697 ἔσται.
1164 629 1408 709 Λοξίας
1435 623 1502 696 δ’
1537 626 1654 696 ἐὰν
1679 629 1848 718 θέλῃ
2223 651 2324 703 425

551 737 682 799 νῦν
711 727 1025 808 ἀλλάτὰς
1054 731 1216 818 πρὶν
1245 725 1610 818 ἀναλαβεῖν
1639 725 1982 820 ἁμαρτίας,

552 828 721 913 ἅπας
749 833 873 920 μὲν
901 827 984 901 ού
1012 827 1256 918 γένοιτ’
1291 827 1376 900 ἂν
1405 838 1498 911 εἰς
1522 825 1694 920 ἡμᾶς
1721 839 1938 918 φίλος,

550 929 713 1004 ὅσον
740 934 817 1003 δὲ
840 934 1094 1023 χρῄζει,
1122 928 1288 1013 θεὸς
1313 931 1441 1024 γάρ
1467 937 1639 1018 ἐστι,
1671 934 1958 1018 δέξομαι.

324 1042 519 1104 [RN.
548 1041 620 1103 τί
641 1060 802 1104 ποτε
830 1033 1129 1123 λόγοισιν
1156 1031 1198 1124 ἡ
1224 1037 1380 1122 ξένη
1410 1031 1574 1125 πρὸς
1605 1031 1725 1105 τὸν
1751 1032 1922 1104 θεὸν

555 1153 950 1225 κρυπτοῖσιν
977 1134 1084 1206 ἀεὶ
1108 1134 1496 1227 λοιδοροῦσ’
1527 1142 1919 1222 αἰνίσσεται,
2225 1156 2328 1209 430

552 1233 701 1327 ἤτοι
728 1239 1023 1328 φιλοῦσά
1054 1234 1119 1325 γ’
1152 1229 1233 1325 ἧς
1281 1235 1880 1326 ὖπερμαντεύεται,

554 1335 600 1428 ἦ
628 1348 747 1408 καί
772 1368 835 1410 τι
860 1336 1096 1427 σιγῶσ’
1130 1331 1229 1408 οἷν
1254 1345 1641 1409 σιωπᾶσθαι
1665 1338 1879 1428 χρεών
1895 1370 1914 1421 ;

554 1437 719 1527 ἀτὰρ
749 1435 1089 1530 θυγατρὸς
1115 1447 1232 1528 τῆς
1264 1437 1629 1529 Ἐρεχθέως
1655 1448 1725 1508 τί
1742 1467 1852 1527 μοι

553 1545 771 1628 μέλει,
806 1540 1148 1632 προσῆκόν
1176 1538 1241 1628 γ’
1278 1536 1519 1626 ούδέν;
1551 1538 1720 1610 ἀλλὰ
1745 1544 2052 1630 χρυσέαις

555 1635 901 1731 πρόχοισιν
933 1639 1158 1712 ἐλθὼν
1188 1649 1282 1723 εἰς
1309 1639 1808 1735 ἀπορραντήρια
2224 1662 2328 1716 435

558 1743 807 1833 δρόσον
832 1744 1133 1832 καθήσω.
1170 1748 1612 1833 νουθετητέος
1647 1747 1728 1814 δέ
1754 1772 1866 1832 μοι

554 1854 835 1935 Φοῖβος,
861 1852 935 1916 τί
963 1845 1230 1934 πάσχει·
1262 1849 1650 1937 παρθένους
1677 1852 1796 1938 βίᾳ
1821 1854 2058 1934 γαμῶν

557 1953 963 2038 προδίδωσι,
991 1953 1233 2029 παῖδας
1260 1947 1778 2035 ἐκτεκνούμενος
1802 1946 2029 2040 λάθρᾳ

552 2050 975 2139 θνήσκοντας
1000 2047 1247 2137 ἀμελεῖ.
1278 2048 1368 2138 μὴ
1399 2048 1486 2119 σύ
1513 2046 1579 2138 γ’
1605 2072 1618 2085 ·
1663 2045 1811 2119 ἀλλ’
1844 2052 1986 2119 ἐπεὶ
2016 2067 2298 2139 κρατεῖς,

417 2203 441 2224 ,
554 2148 792 2242 ἀρετὰς
821 2157 1046 2221 δίωκε.
1098 2153 1212 2220 καὶ
1238 2149 1368 2241 γὰρ
1397 2147 1577 2232 ὅστις
1606 2146 1691 2221 ἂν
1719 2158 1978 2241 βροτῶν
2216 2170 2324 2220 440

553 2251 758 2332 κακὸς
786 2250 1093 2342 πεφύκῃ,
1126 2259 1476 2341 ζημιοῦσιν
1501 2259 1575 2322 οἰ
1600 2261 1775 2322 θεοί.

552 2360 693 2432 πῶς
721 2343 850 2422 οὖν
880 2358 1144 2423 δίκαιον
1169 2351 1328 2434 τούς
1357 2351 1608 2442 νόμους
1639 2350 1810 2442 ὑμᾶς
1837 2362 2096 2443 βροτοῖς

549 2454 934 2540 γράψαντας
968 2451 1217 2537 αὐτοὺς
1243 2451 1532 2544 ἀνομίαν
1566 2451 2043 2545 όφλισκάνειν;

555 2562 618 2624 εί
642 2551 737 2644 δ’,
774 2553 859 2626 οὐ
887 2554 1015 2647 γὰρ
1046 2563 1262 2647 ἔσται,
1295 2563 1388 2648 τῷ
1415 2557 1594 2649 λόγῳ
1621 2559 1698 2628 δὲ
1723 2559 2071 2649 χρήσομαι,

550 2663 740 2740 δίκας
767 2666 1008 2746 βιαίων
1033 2658 1275 2732 δώσετ’
1315 2655 1704 2749 ἀνθρώποις
1728 2659 1984 2747 γάμων,
2225 2675 2326 2728 445

551 2759 639 2830 σύ
667 2763 781 2831 καὶ
816 2761 1372 2842 Ποσειδῶν-Ζεύς
1404 2757 1483 2830 θ’
1517 2759 1590 2843 ὃς
1621 2757 1919 2852 ούρανοῦ
1949 2777 2199 2849 κρατεῖ,

550 2861 757 2941 ναοὺς
784 2871 1081 2944 τίνοντες
1108 2861 1372 2946 ἀδικίας
1401 2863 1751 2934 κενώσετε.

554 2961 670 3042 τὰς
697 2958 948 3050 ἡδονὰς
975 2963 1105 3053 γὰρ
1133 2973 1248 3054 τῆς
1283 2972 1668 3055 προμηθίας
1700 2964 1911 3054 πάρος

553 3062 956 3145 σπεύδοντες
989 3063 1294 3136 ἀδικεῖτ’.
1341 3062 1563 3138 οὐκέτ’
1595 3063 2008 3158 ἀνθρώπους
2048 3062 2300 3157 κακοὺς

551 3167 773 3252 λέγειν
801 3170 1101 3255 δίκαιον,
1136 3173 1199 3236 εί
1219 3166 1301 3238 τὰ
1331 3176 1468 3238 τῶν
1491 3176 1682 3238 θεῶν
1713 3164 1887 3237 κακὰ
2229 3184 2338 3236 450

551 3264 950 3355 μιμούμεθ’,
977 3265 1145 3338 ἀλλὰ
1169 3267 1326 3350 τοὺς
1353 3269 1791 3352 διδάσκοντας
1820 3268 1999 3339 τάδε.

326 3373 462 3433 XO.
545 3369 620 3436 σε
646 3366 769 3437 τάν
796 3365 1065 3439 ὠδίνων
1090 3379 1322 3458 λοχιᾶν
2035 3391 2175 3460 στρ.

950 3490 1057 3542 452
1074 3515 1145 3524 -·
1166 3491 1267 3545 471
1288 3508 1376 3536 =
1395 3491 1498 3546 472
1516 3517 1589 3529 ·-
1606 3492 1706 3546 491
