2534 3917
1003 213 1465 272 ΦΟΙΝΙΣΣΑΙ
1815 247 1832 262 -
2067 210 2194 274 429

186 395 361 456 TEI.
414 380 676 457 ἀδικεῖν
701 382 1000 463 κελεύεις
1032 378 1104 469 μ’
1124 411 1141 428 ·
1174 379 1259 450 οὖ
1288 381 1745 471 σιωπήσαιμεν
1770 377 1875 451 ἅν.

180 497 319 559 ΚΡ.
408 487 483 556 τί
506 486 591 574 δή
614 513 697 574 με
725 485 1029 576 δράσεις;
1060 484 1267 554 παῖδά
1294 512 1428 571 μου
1453 498 1914 566 κατακτενεῖς;

187 597 365 658 ΤΕΙ.
418 585 645 668 ἄλλοις
670 589 942 676 μελήσει
968 583 1183 672 ταῦτ’,
1214 587 1360 672 ἐμοὶ
1385 583 1452 655 δ’
1489 585 1840 674 εἰρήσεται.

183 699 319 760 ΚΡ.
408 693 483 759 ἐκ
511 696 634 760 τοῦ
662 687 728 760 δ’
763 690 910 778 ἐμοὶ
935 683 1083 758 τόδ’
1114 679 1289 775 ἦλθε
1315 689 1430 758 καὶ
1456 690 1670 778 τέκνῳ
1703 685 1948 770 κακόν;

190 800 363 860 ΤΕΙ.
415 789 643 882 ὀρθῶς
672 788 745 880 μ’
782 796 1032 883 ἐρωτᾷς
1058 795 1198 870 κείς
1226 785 1439 877 ἀγῶν’
1475 796 1651 880 ἔρχει
1676 788 1920 876 λόγων.
2092 805 2197 860 930

418 899 529 963 δεῖ
550 893 748 964 τόνδε
776 892 1143 980 θαλάμαις,
1174 881 1258 960 οῦ
1286 890 1557 980 δράκων
1585 888 1620 960 ὁ
1650 889 1938 980 γηγενὴς

416 997 679 1083 ἐγένετο
703 1002 963 1084 Δίρκης
986 991 1304 1083 ναμάτων
1331 996 1708 1080 ἐπίσκοπος,

421 1100 765 1185 σφαγέντα
792 1097 1035 1185 φόνιον
1062 1090 1224 1182 αἷμα
1250 1101 1338 1184 γῇ
1369 1102 1647 1187 Κάδμου
1677 1101 1836 1184 χοάς

414 1203 688 1284 δοῦναι,
720 1205 1029 1265 παλαιῶν
1079 1193 1320 1285 ’Ἄρεος
1345 1199 1419 1264 ἐκ
1444 1196 1854 1284 μηνιμάτων,

418 1295 493 1380 ὃς
520 1314 797 1387 γηγενεῖ
823 1296 1141 1387 δράκοντι
1167 1313 1454 1386 τιμωρεῖ
1470 1297 1710 1386 φόνον.
2093 1311 2196 1366 935

416 1402 533 1470 καὶ
557 1407 767 1470 ταῦτα
792 1405 1085 1488 δρῶντες
1110 1398 1460 1488 σύμμαχον
1486 1394 1804 1486 κτήσεσθ’
1830 1395 2021 1488 ”Αρη.

414 1501 607 1590 χθων
634 1499 701 1572 δ’
734 1499 885 1572 ἀντὶ
912 1507 1175 1591 καρποῦ
1203 1498 1466 1587 καρπὸν
1502 1497 1660 1570 άντί
1681 1497 1756 1568 θ’
1789 1505 2059 1590 αἵματος

419 1599 563 1690 αἷμ’
594 1599 685 1690 ἢν
707 1605 881 1694 λάβῃ
916 1603 1257 1692 βρότειον,
1295 1599 1460 1685 ἕξετ’
1503 1599 1751 1690 εὐμενῆ

416 1711 583 1790 γῆν,
613 1701 658 1791 ἦ
684 1703 847 1773 ποθ’
884 1700 1046 1791 ἡμῖν
1074 1704 1548 1792 χρυσοπήληκα
1587 1702 1836 1790 στάχυν

417 1810 737 1894 σπαρτῶν
767 1801 1049 1892 ἀνῆκεν·
1081 1807 1155 1872 ἐκ
1181 1805 1419 1890 γένους
1447 1803 1523 1872 δὲ
1549 1809 1660 1872 δεῖ
1681 1813 1925 1872 θανεῖν
2091 1818 2196 1872 940

419 1902 612 1976 τοῦδ’
646 1902 720 1987 ὃς
750 1905 1111 1994 δράκοντος
1141 1907 1381 1992 γένυος
1408 1906 1746 1992 ἐκπέφυκε
1773 1919 1948 1984 παῖς.

417 2006 507 2076 σὺ
536 2005 601 2076 δ’
636 2004 877 2078 ἐνθάδ’
910 2003 1071 2094 ἡμῖν
1097 2003 1330 2086 λοιπὸς
1359 2004 1420 2076 εἷ
1444 2011 1760 2096 σπαρτῶν
1791 2007 2031 2092 γένους

419 2106 760 2201 ἀκέραιος,
798 2116 873 2178 ἔκ
902 2135 974 2177 τε
1000 2106 1249 2198 μητρὸς
1275 2103 1579 2197 ἀρσένων
1607 2104 1668 2176 τ’
1704 2103 1856 2192 ἄπο,

418 2215 493 2280 οἱ
518 2218 631 2281 σοί
652 2238 723 2280 τε
748 2216 1001 2290 παῖδες.
1029 2215 1322 2299 Αἴμονος
1347 2211 1472 2298 μὲν
1499 2201 1626 2280 οῦν
1656 2208 1855 2296 γάμοι

420 2311 685 2400 σφαγὰς
712 2308 1103 2402 άπείργουσ’
1125 2334 1140 2349 ·
1172 2308 1255 2381 οῦ
1288 2312 1416 2402 γάρ
1445 2315 1624 2382 ἐστιν
1651 2308 1858 2401 ᾔθεος
1877 2332 1890 2345 ·
2098 2323 2196 2378 945

420 2417 554 2496 [κεί
575 2413 665 2500 μὴ
694 2413 821 2501 γὰρ
854 2411 1057 2500 εὐνῆς
1082 2410 1310 2500 ἥψατ’,
1341 2411 1496 2482 ἀλλ’
1529 2419 1662 2501 ἔχει
1687 2415 1874 2500 λέχος
1889 2419 1927 2496 ·]

376 2537 395 2554 ·
419 2505 620 2594 οὗτος
648 2515 722 2583 δὲ
749 2521 969 2595 πῶλος
991 2512 1140 2604 τῇδ’
1174 2511 1521 2603 ἀνειμένος
1549 2514 1740 2586 πόλει

421 2614 660 2685 θανών
686 2616 1001 2709 πατρῴαν
1030 2630 1231 2704 γαῖαν
1258 2616 1616 2686 ἐκσώσειεν
1643 2613 1748 2686 ἄν.

421 2717 667 2810 πικρὸν
694 2714 759 2787 δ’
791 2714 1129 2810 Ἀδράστῳ
1155 2717 1398 2787 νόστον
1417 2714 1783 2808 Ἀργείοισί
1813 2744 1884 2786 τε

421 2819 659 2908 θήσει,
688 2822 1015 2908 μέλαιναν
1038 2816 1192 2909 κῆρ’
1226 2817 1334 2889 ἐπ’
1367 2817 1658 2909 ὄμμασιν
1685 2819 1935 2908 βαλών,
2097 2831 2201 2886 950
2263 2907 2266 2910 ἦ

424 2920 693 3004 κλεινάς
718 2948 790 2991 τε
818 2921 1063 3010 Θήβας.
1092 2918 1306 2991 τοῖνδ’
1341 2923 1498 2991 ἑλοῦ
1526 2927 1723 2991 δυοῖν
1749 2920 2028 3008 πότμοιν

420 3021 543 3092 τὸν
570 3027 831 3114 ἕτερον·
858 3019 905 3113 ἦ
931 3021 1059 3115 γὰρ
1088 3029 1296 3093 παῖδα
1329 3031 1552 3094 σῶσον
1579 3019 1622 3112 ἢ
1650 3021 1868 3093 πόλιν.

420 3124 502 3194 τὰ
526 3127 651 3213 μὲν
677 3122 839 3215 παρ’
872 3123 1065 3215 ἡμῶν
1094 3123 1291 3196 πάντ’
1323 3133 1522 3215 ἔχεις·
1551 3122 1745 3214 ἡγοῦ,
1775 3126 2030 3210 τέκνον,

424 3225 591 3316 πρὸς
619 3227 828 3298 οἷκον.
860 3224 1041 3310 ὅστις
1068 3226 1133 3297 δ’
1168 3228 1444 3320 ἐμπύρῳ
1473 3235 1709 3318 χρῆται
1739 3229 1956 3316 τέχνῃ,

416 3329 721 3415 μάταιος·
752 3326 839 3419 ἦν
864 3329 988 3418 μὲν
1018 3328 1227 3419 ἐχθρὰ
1254 3330 1552 3418 σημήνας
1578 3329 1766 3418 τύχῃ,
2095 3341 2197 3396 955

418 3428 655 3520 πικρὸς
684 3428 1042 3519 καθέστηχ’
1074 3425 1174 3512 οἷς
1200 3425 1287 3501 ἂν
1314 3437 1728 3520 οἰωνοσκοπῇ
1745 3454 1760 3468 ·

422 3536 643 3622 ψευδῆ
671 3530 736 3601 δ’
770 3529 890 3602 ὑπ’
924 3542 1154 3604 οἴκτου
1180 3549 1350 3604 τοῖσι
1377 3535 1740 3624 χρωμένοις
1769 3533 1984 3623 λέγων
