2534 3917
311 176 397 241 42

777 182 1239 242 ΙΦΙΓΕΝΕΙΛ
1282 183 1353 240 Η
1386 184 1511 241 ΕΝ
1546 184 1861 241 ΛΥΛΙΔΙ

545 340 632 422 οὗ
659 371 766 421 σοι
793 360 1331 439 καταλλαχθεῖσα
1349 353 1505 441 περὶ
1532 352 1607 421 σὲ
1632 355 1746 422 καὶ
1776 352 2029 442 δόμους

543 454 1128 543 συμμαρτυρήσεις
1157 450 1247 533 ὥς
1276 450 1616 541 ἄμεμπτος
1642 445 1687 541 ἦ
1714 460 1894 545 γυνή
1908 508 1927 544 ,

545 566 639 637 εἰς
664 552 724 625 τ’
761 552 1173 647 Ἀφροδίτην
1202 562 1659 644 σωφρονοῦσα
1684 558 1799 625 καὶ
1825 556 1903 626 τὸ
1930 556 2056 628 σὸν

542 661 890 749 μέλαθρον
917 654 1194 741 αὕξουσ’
1212 710 1232 743 ,
1264 654 1435 726 ὥστε
1460 654 1528 725 σ’
1562 658 1858 729 εἰσιόντα
1882 688 1953 728 τε
2192 678 2342 733 1160

542 768 804 851 χαίρειν
829 760 1088 851 θύραζέ
1107 756 1163 829 τ’
1197 756 1443 842 ἐξιόντ’
1478 755 1930 848 εὐδαιμονεῖν.

541 863 829 932 σπάνιον
858 863 935 932 δὲ
962 859 1255 953 θήρευμ’
1289 858 1490 951 ἀνδρὶ
1516 862 1837 952 τοιαύτην
1863 872 2097 952 λαβεῖν

543 965 845 1056 δάμαρτα
863 987 879 1001 ·
919 965 1236 1054 φλαύραν
1263 962 1330 1033 δ’
1364 960 1449 1034 οὐ
1476 964 1717 1046 σπάνις
1743 964 2012 1054 γυναῖκ’
2045 973 2246 1054 ἔχειν.

542 1075 742 1137 τίκτω
772 1062 839 1135 δ’
873 1070 981 1137 ἐπὶ
1007 1067 1186 1158 τρισὶ
1211 1068 1617 1157 παρθένοισι
1643 1068 1853 1137 παῖδά
1879 1090 1985 1138 σοι

547 1166 762 1258 τόνδ’,
795 1160 895 1239 οἷν
921 1177 1076 1258 μιᾶς
1103 1166 1190 1239 σύ
1218 1168 1563 1259 τλημόνως
1588 1167 1662 1257 μ’
1694 1167 2101 1261 ἀποστερεῖς.
2195 1190 2333 1243 1165

545 1268 673 1343 κάν
701 1279 801 1353 τίς
827 1268 892 1342 σ’
927 1279 1154 1363 ἔρηται
1180 1280 1364 1353 τίνος
1394 1275 1585 1343 ἕκατί
1604 1299 1716 1341 νιν
1743 1288 2017 1361 κτενεῖς,

543 1377 756 1462 λέξον,
790 1382 864 1443 τί
883 1375 1156 1463 φήσεις,
1188 1370 1233 1461 ἦ
1253 1371 1361 1462 ’μὲ
1384 1371 1510 1465 χρὴ
1541 1376 1764 1462 λέγειν
1791 1374 1873 1444 τὰ
1899 1375 2017 1459 σάς

533 1474 806 1564 Ἑλένην
831 1479 1191 1556 Μενέλεως
1218 1481 1332 1545 ἵνα
1359 1476 1551 1565 λάβῃ.
1581 1476 1791 1546 καλόν
1815 1479 1897 1565 γέ
1916 1504 2018 1547 τοι

545 1585 752 1665 κακῆς
780 1576 1101 1667 γυναικὸς
1125 1577 1383 1666 μισθὸν
1410 1574 1719 1648 ἀποτῖσαι
1746 1582 1968 1648 τέκνα.

540 1678 863 1768 τᾶχθιστα
889 1696 1061 1751 τοῖσι
1093 1680 1438 1770 φιλτάτοις
1468 1677 1851 1769 ὠνούμεθα.
2188 1699 2332 1753 1170

539 1780 679 1871 ἄγ’,
710 1777 797 1872 ἢν
822 1783 1196 1874 στρατεύσῃ
1223 1782 1613 1853 καταλιπών
1636 1778 1709 1870 μ’
1743 1786 1819 1852 ἐν
1846 1782 2169 1871 δώμασιν,

542 1882 739 1955 κάκεῖ
759 1885 1012 1973 γενήσῃ
1062 1884 1175 1955 διὰ
1201 1892 1462 1976 μακρᾶς
1490 1881 1839 1972 ἀπουσίας,

541 1985 673 2059 τίν’
707 1992 782 2058 ἐν
810 1988 1040 2076 δόμοις
1066 2015 1147 2076 με
1177 1993 1468 2077 καρδίαν
1494 1989 1668 2069 ἕξειν
1698 1991 1941 2075 δοκεῖς,

417 2156 424 2159 .
538 2090 704 2163 ὅταν
731 2090 1032 2179 θρόνους
1058 2086 1248 2177 τῆσδ’
1288 2095 1519 2160 εἰσίδω
1547 2089 1797 2169 πάντας
1824 2089 2083 2177 κενούς,

541 2190 780 2271 κενοὺς
807 2192 883 2260 δὲ
910 2196 1357 2282 παρθενῶνας
1374 2244 1392 2275 ,
1423 2194 1533 2261 ἐπὶ
1561 2191 1637 2260 δὲ
1656 2191 1977 2281 δακρύοις
2186 2206 2319 2261 1175

538 2293 709 2383 μόνη
739 2299 1069 2383 κάθωμαι,
1094 2288 1297 2380 τήνδε
1323 2290 1761 2386 θρηνῳδοῦσ’
1797 2290 1908 2363 ἀεί
1917 2316 1932 2331 ·

540 2394 887 2464 ἀπώλεσέν
913 2390 1007 2479 σ’,
1040 2386 1094 2463 ὦ
1120 2396 1392 2482 τέκνον,
1422 2392 1458 2466 ὁ
1488 2395 1831 2483 φυτεύσας
1851 2395 2087 2486 πατήρ,

537 2494 741 2576 αὐτὸς
767 2495 1065 2584 κτανών,
1094 2491 1221 2566 οὐκ
1250 2493 1451 2580 ἄλλος
1476 2494 1632 2567 οὐδ’
1664 2494 1832 2590 ἄλλῃ
1858 2504 2026 2588 χερί,

539 2598 808 2669 τοιόνδε
832 2596 1087 2687 μισθὸν
1114 2598 1505 2671 καταλιπων
1530 2598 1698 2692 πρὸς
1724 2598 1885 2683 τοὺς
1912 2600 2186 2688 δόμους.

538 2704 682 2772 ἐπεὶ
710 2709 1024 2791 βραχείας
1051 2702 1451 2792 προφάσεως
1479 2708 1618 2773 ἔδει
1644 2701 1877 2791 μόνον,
2184 2717 2315 2771 1180

538 2801 650 2892 ἐφ’
682 2795 727 2893 ᾗ
753 2801 820 2873 σ’
857 2802 988 2891 ἐγώ
1016 2805 1131 2872 καὶ
1159 2809 1393 2885 παῖδες
1426 2810 1503 2875 αἱ
1522 2807 1946 2893 λελειμμέναι

535 2906 870 2992 δεξόμεθα
897 2907 1080 2987 δέξιν
1109 2901 1196 2991 ἥν
1213 2927 1291 2974 σε
1318 2909 1640 2989 δέξασθαι
1667 2906 1905 2996 χρεών.

538 3006 629 3096 μὴ
659 3011 826 3094 δῆτα
856 3004 1022 3097 πρὸς
1047 3013 1237 3075 θεῶν
1269 3005 1426 3097 μήτ’
1460 3005 1841 3099 ἀναγκάσῃς
1867 3008 1981 3097 ἐμὲ

537 3106 752 3197 κακὴν
777 3110 1099 3195 γενέσθαι
1120 3113 1276 3199 περὶ
1304 3113 1410 3198 σέ,
1440 3108 1593 3199 μήτ’
1631 3107 1834 3192 αὐτὸς
1860 3114 2044 3199 γένῃ.

541 3210 678 3281 εἶεν
695 3232 710 3248 ·

535 3312 772 3394 θύσεις
801 3312 876 3381 δὲ
903 3310 1028 3401 τὴν
1055 3312 1241 3383 παῖδ’
1263 3338 1280 3352 ·
1314 3322 1485 3386 ἔνθα
1511 3323 1699 3397 τίνας
1730 3312 1929 3402 εύχάς
1956 3317 2131 3403 ἐρεῖς
2148 3343 2167 3397 3
2186 3328 2323 3383 1185

535 3422 608 3483 τί
628 3435 735 3483 σοι
763 3414 1068 3498 κατεύξει
1097 3413 1433 3505 τάγαθόν,
1463 3419 1737 3506 σφάζων
1764 3420 2043 3499 τε’κνον;

536 3515 780 3585 νόστον
809 3517 1145 3608 πονηρόν,
1174 3521 1453 3588 οἴκοθέν
1480 3517 1547 3608 γ’
1580 3527 1867 3610 αἰσχρῶς
1897 3521 2054 3601 ἰῶνς

2512 208 2515 365 1

2514 559 2517 677 κ

2516 906 2519 1083 1

2518 1256 2521 1377 >
