2534 3917
201 2594 344 2656 HA.

1028 177 1415 236 ΟΡΕΣΤΗΣ
2085 177 2204 241 257

427 355 735 441 μητρῷον
765 343 924 435 αἷμα
941 369 955 383 ·
984 349 1190 437 Λοξίᾳ
1218 345 1295 414 δὲ
1322 348 1683 434 μέμφομαι,
2109 363 2209 418 285

430 449 616 531 ὅστις
643 447 714 537 μ’
750 450 995 538 ἐπάρας
1031 455 1232 535 ἔργον
1263 443 1739 535 ἀνοσιώτατον,

427 569 564 632 τοῖς
590 552 714 639 μὲν
747 550 966 641 λόγοις
988 547 1331 639 ηὔφρανε,
1363 566 1499 629 τοῖς
1530 547 1599 618 δ’
1634 558 1933 638 ἔργοισιν
1963 548 2067 620 οὔ.

430 653 612 742 οἶμαι
641 654 718 721 δὲ
744 652 995 741 πατέρα
1024 650 1143 721 τὸν
1173 651 1369 738 ἐμόν,
1402 658 1463 720 εἰ
1484 649 1632 720 κατ’
1669 650 1929 740 ὄμματα

429 754 812 845 ἐξιστόρουν
845 781 989 840 νιν,
1019 750 1248 843 μητέρ’
1287 759 1350 822 εί
1379 761 1641 824 κτεῖναί
1661 782 1743 842 με
1774 756 1919 844 χρή,

429 855 676 937 πολλὰς
701 863 970 945 γενείου
1001 851 1189 925 τοῦδ’
1224 851 1309 923 ἂν
1338 859 1624 925 ἐκτεῖναι
1654 856 1839 938 λιτὰς
2106 875 2209 928 ‘290

430 961 679 1048 μήποτε
706 957 1025 1044 τεκούσης
1056 963 1148 1035 εἰς
1175 954 1435 1043 σφαγὰς
1466 947 1631 1026 ὦσαι
1663 962 1873 1041 ξίφος,

429 1068 492 1131 εἰ
515 1057 666 1150 μήτ’
699 1063 949 1139 ἐκεῖνος
975 1056 1341 1146 ἀναλαβεῖν
1372 1067 1602 1147 ἔμελλε
1631 1069 1796 1148 φῶς,

431 1165 560 1251 ἐγώ
584 1155 666 1230 θ’
697 1159 732 1230 ὁ
763 1162 1030 1250 τλήμων
1055 1157 1267 1229 τοιάδ’
1303 1162 1658 1248 ἐκπλήσειν
1685 1163 1875 1231 κακά.

430 1267 544 1333 καὶ
577 1271 710 1333 νῦν
737 1259 1178 1349 ἀνακάλυπτ’,
1211 1253 1266 1331 ὦ
1294 1272 1700 1350 κασίγνητον
1728 1266 1921 1353 κάρα,

431 1370 504 1435 ἐκ
534 1364 852 1455 δακρύων
881 1363 940 1433 τ’
979 1361 1271 1450 ἄπελθε,
1304 1371 1412 1433 κεί
1433 1363 1587 1453 μάλ’
1621 1363 1879 1446 ἀθλίως
2108 1385 2208 1440 295

428 1475 695 1555 ἔχομεν·
728 1463 891 1536 ὅταν
919 1467 996 1536 δὲ
1022 1463 1174 1554 τᾶμ’
1209 1462 1634 1555 ἀθυμήσαντ’
1670 1475 1839 1558 ἴδῃς,

428 1569 514 1638 σύ
551 1596 682 1656 μου
712 1567 784 1638 τὸ
815 1568 1045 1638 δεινὸν
1071 1571 1184 1638 καὶ
1214 1569 1602 1657 διαφθαρὲν
1630 1578 1907 1659 φρενῶν

431 1681 728 1758 ἴσχναινε
756 1677 1169 1759 παραμυθοῦ
1197 1668 1273 1739 θ’
1296 1693 1311 1707 ·
1344 1667 1507 1741 ὅταν
1538 1671 1614 1740 δὲ
1640 1671 1726 1741 σὺ
1758 1677 2011 1763 στένῃς,

428 1769 599 1861 ἡμᾶς
627 1773 961 1864 παρόντας
991 1771 1116 1860 χρή
1145 1793 1222 1840 σε
1248 1782 1609 1842 νουθετεῖν
1637 1782 1803 1861 φίλα
1821 1797 1835 1810 ·

429 1879 804 1964 ἐπικουρίαι
833 1869 960 1964 γὰρ
990 1878 1138 1942 αἵδε
1165 1889 1302 1954 τοῖς
1330 1882 1552 1961 φίλοις
1577 1883 1797 1945 καλαί.
2103 1895 2205 1949 300

429 1973 574 2045 ἀλλ’
631 1969 688 2046 ὦ
715 1976 1027 2063 τάλαινα,
1059 1983 1234 2063 βᾶσα
1262 1977 1591 2064 δωμάτων
1618 1985 1746 2046 ἔσω

429 2075 623 2170 ὕπνῳ
651 2076 710 2146 τ’
745 2075 1010 2147 ἄυπνον
1042 2081 1394 2168 βλέφαρον
1423 2083 1779 2148 ἐκταθεῖσα
1808 2079 1943 2166 δός,

427 2180 613 2249 σῖτόν
642 2177 701 2248 τ’
733 2175 955 2270 ὄρεξαι
986 2180 1238 2270 λουτρά
1264 2178 1326 2248 τ’
1360 2184 1683 2269 ἐπιβαλοῦ
1710 2189 1878 2271 χροΐ.

430 2289 493 2351 εἰ
511 2280 638 2370 γὰρ
665 2290 1051 2372 προλείψεις
1078 2279 1150 2371 μ’
1187 2279 1232 2370 ἦ
1277 2288 1644 2373 προσεδρίᾳ
1687 2287 1895 2353 νόσον

428 2383 655 2472 κτήσει
681 2381 837 2472 τιν’,
870 2384 1264 2472 οἰχόμεσθα·
1298 2385 1373 2453 σὲ
1400 2384 1528 2476 γὰρ
1562 2393 1687 2474 ἔχω
1715 2385 1931 2473 μόνην
2103 2405 2204 2458 305

427 2489 822 2576 ἐπίκουρον,
853 2483 1075 2556 ἄλλων
1104 2481 1192 2565 ὥς
1219 2481 1381 2576 ὁρᾷς
1410 2494 1651 2574 ἔρημος
1678 2484 1794 2557 ὤν.

428 2584 552 2655 οὐκ
583 2595 718 2657 ἐστι
737 2611 752 2624 ·
785 2586 918 2656 συν
943 2590 1049 2657 σοὶ
1076 2589 1189 2656 καὶ
1216 2596 1461 2656 θανεῖν
1490 2590 1845 2678 αἱρήσομαι

423 2691 535 2757 καὶ
563 2696 710 2776 ζῆν·
749 2697 883 2777 ἔχει
911 2688 1040 2779 γὰρ
1070 2685 1321 2757 ταύτόν
1340 2712 1354 2724 ·
1386 2685 1473 2776 ἢν
1501 2689 1588 2757 σύ
1624 2689 1985 2779 κατθάνῃς,

423 2790 597 2879 γυνὴ
627 2799 698 2860 τί
719 2792 979 2883 δράσω;
1009 2798 1148 2872 πῶς
1177 2789 1348 2879 μόνη
1378 2791 1796 2881 σωθήσομαι,

427 2889 807 2981 ἀνάδελφος
835 2889 1105 2982 ἀπάτωρ
1138 2889 1417 2981 ἄφιλοςς
1451 2900 1516 2962 εί
1538 2895 1615 2964 δὲ
1644 2897 1750 2964 σοὶ
1778 2900 1985 2981 δοκεῖ,
2104 2912 2205 2965 310

425 3000 598 3082 δρᾶν
624 2993 749 3086 χρὴ
778 2992 952 3065 τάδ’.
991 2993 1157 3065 ἀλλά
1187 3005 1424 3066 κλῖνον
1453 3003 1549 3078 είς
1579 2994 1788 3084 εὐνὴν
1817 2999 2041 3085 δέμας,

422 3095 652 3185 καὶμὴ
681 3095 756 3167 τὸ
794 3105 1094 3187 ταρβοῦν
1128 3095 1527 3186 κάκφοβοῦν
1561 3095 1626 3168 σ’
1661 3102 1734 3168 ἐκ
1764 3104 2057 3185 δεμνίων

424 3194 596 3284 ἄγαν
625 3195 992 3287 ἀποδέχου,
1021 3203 1180 3288 μένε
1217 3197 1281 3268 δ’
1316 3201 1424 3269 ἐπὶ
1456 3208 1756 3293 στρωτοῦ
1788 3204 2041 3287 λέχους.

421 3306 555 3372 κόἒν
582 3303 672 3392 μὴ
702 3313 908 3392 νοσῇς
938 3309 1100 3391 γάρ,
1132 3306 1302 3374 ἀλλὰ
1332 3309 1619 3388 δοξάζεις
1648 3320 1877 3374 νοσεῖν

425 3407 746 3490 [κάματος
773 3410 1119 3491 βροτοῖσιν
1150 3405 1395 3492 ἀπορία
1427 3431 1498 3473 τε
1526 3412 1877 3492 γίγνεται].
2108 3424 2207 3471 315

353 3514 562 3559 EvRu’.
591 3514 734 3558 von.
769 3498 856 3556 II.
1830 3495 1902 3556 17
