2534 3917
986 212 1450 272 ΦΟΙΝΙΣΣΛΙ
2077 209 2204 274 425

424 411 544 454 τον
584 382 825 470 νάπος,
864 378 1246 472 Ἀρτέμιδος
1278 381 1722 471 χιονοτρόφον
1748 378 1926 470 ὄμμα
1951 389 2205 454 Κιθαι-

1116 509 1279 576 ρων,

422 586 675 674 μήποτε
712 583 832 654 τὸν
877 587 1152 678 θανάτω
1191 586 1641 675 προτεθέντα,
1685 583 1960 674 λόχευμ’
1995 582 2192 654 Ἰοκά-

1109 708 1287 774 στας,

423 761 681 878 ω’φελες
710 788 1087 860 Οἰδιπόδαν
1113 791 1368 878 θρέψαι
1393 790 1646 878 βρέφος
1663 794 1946 878 ἔκβολον
1973 799 2201 877 οἴκων,

424 893 854 979 χρυσοδέτοις
878 889 1199 981 περόναις
1224 893 1582 979 ἐπίσαμον·
2097 907 2204 960 805

421 991 590 1080 μηδὲ
612 991 687 1062 τὸ
716 995 1092 1082 παρθένιον
1123 992 1406 1082 πτερόν,
1435 988 1710 1082 οὔρειον
1737 995 1949 1082 τέρας,
1971 996 2202 1062 ἐλθεῖν

422 1097 683 1163 πένθεα
708 1102 922 1182 γαίας,

418 1195 697 1282 Σφίγγ’,
729 1196 1335 1281 ἀπομουσοτάταισι
1365 1199 1498 1266 σύν
1525 1199 1757 1286 ςόδαῖς,

418 1291 462 1364 ἅ
490 1321 653 1365 ποτε
681 1300 1085 1384 Καδμογενῆ
1112 1293 1552 1387 τετραβάμοσι
1581 1305 1812 1384 χαλαῖς

421 1404 667 1484 τείχεσι
714 1397 1171 1487 χριμπτομένα
1226 1400 1438 1488 φέρεν
1489 1400 1764 1488 αἰθέρος
1819 1404 1914 1480 είς
1953 1394 2204 1487 ἄβατον

1110 1527 1259 1590 φῶς

417 1603 699 1690 γένναν,
730 1598 817 1671 ἂν
846 1597 881 1671 ὁ
911 1600 1079 1671 κατὰ
1106 1600 1357 1690 χθονὸς
1379 1597 1610 1683 ’Ἅιδας
2096 1620 2204 1672 810

420 1707 785 1790 Καδμείοις
811 1704 1165 1790 ,ἐπιπέμπει
1182 1725 1197 1740 ·
1230 1709 1626 1790 δυσδαίμων
1653 1700 1719 1772 δ’
1755 1710 1892 1792 ἔρις
1919 1701 2086 1773 ἄλλα

422 1802 662 1872 θάλλει
690 1809 957 1875 παίδων

423 1905 758 1975 Οἰδιπόδα
790 1901 959 1976 κατὰ
988 1903 1260 1992 δτόματα
1287 1905 1402 1974 καὶ
1431 1905 1650 1975 πόλιν.

418 2003 502 2075 οὐ
531 2005 661 2096 γὰρ
684 2003 723 2076 ὃ
749 2005 841 2096 μὴ
870 2005 1081 2076 καλὸν
1110 2002 1349 2077 οὔποτ’
1389 2013 1523 2096 ἔφυ
1562 2006 1792 2095 καλόν,

416 2104 569 2177 οὐδ’
601 2115 670 2178 oc
689 2108 781 2198 μὴ
808 2109 1081 2196 νόμιμοι
2096 2125 2202 2180 815

413 2216 649 2292 παῖδες
677 2213 877 2300 ματρὶ
905 2211 1231 2298 λόχευμα,
1262 2217 1519 2298 μίασμα
1547 2211 1826 2301 πατρός·

414 2311 458 2399 ἣ
490 2311 567 2382 δὲ
596 2319 1000 2401 συναίμονος
1028 2319 1124 2392 είς
1150 2313 1340 2400 λέχος
1366 2302 1604 2401 ἦλθεν.

419 2420 674 2504 ἔτεκες,
712 2442 765 2483 ω
797 2421 918 2503 γᾶ,
949 2416 1167 2494 ἔτεκές
1195 2438 1376 2501 ποτε,

417 2513 767 2607 βάρβαρον
796 2511 885 2598 ὥς
913 2511 1125 2584 ἀκοὰν
1154 2514 1364 2603 ἐδάην
1391 2515 1598 2602 ἐδάην
1632 2512 1781 2586 ποτ’
1817 2519 1893 2584 ἐν
1930 2524 2165 2600 οἴκοις,

420 2615 542 2685 τὰν
558 2614 689 2686 απὸ
711 2615 1154 2707 θηροτρόφου
1183 2616 1702 2705 φοινικολόφοιο
1718 2616 2083 2706 δράκοντος
2096 2633 2204 2687 820

418 2721 670 2807 γένναν
705 2716 1128 2806 ὀδοντοφυῆ,
1162 2717 1418 2805 Θήβαις
1447 2718 1804 2787 κάλλιστον
1833 2713 2128 2796 ονειδος·

412 2815 765 2910 Ἁρμονίας
794 2821 875 2889 δέ
904 2816 1054 2890 ποτ’
1089 2824 1184 2900 εἰς
1210 2815 1579 2908 ὑμεναίους

418 2917 689 3009 ἤλυθον
722 2917 1117 3011 οὐρανίδαι,
1156 2920 1494 3010 φόρμιγγί
1515 2948 1589 2990 τε
1614 2926 1833 3008 τείχεα
1862 2918 2086 3008 Θήβας

418 3030 533 3103 τᾶς
553 3020 943 3112 Ἀμφιονίας
967 3049 1040 3093 τε
1066 3022 1278 3114 λύρας
1303 3019 1440 3092 ὕπο
1467 3022 1725 3112 πύργος
1753 3018 2000 3092 ἀνέστα

419 3124 727 3212 διδύμων
752 3131 1072 3213 ποταμῶν
1100 3123 1318 3214 πόρον
1347 3119 1523 3213 ἀμφὶ
1546 3127 1756 3212 μέσον
2098 3139 2204 3193 825

413 3233 707 3317 Δίρκας,
741 3225 1241 3316 χλοεροτρόφον
1266 3221 1314 3295 ἃ
1341 3231 1581 3296 πεδίον

420 3327 689 3418 πρόπαρ
721 3325 1029 3416 Ἰσμηνοῦ
1058 3326 1444 3398 καταδεύει·

414 3425 519 3498 'Im'
544 3425 622 3498 θ’
654 3425 697 3498 ἆ
723 3428 1049 3520 κερόεσσα
1074 3427 1436 3522 προμάτωρ

416 3536 781 3620 Καδμείων
806 3538 1128 3620 βασιλῆας
1154 3535 1476 3619 ἐγείνατο,
