2534 3917
356 132 483 194 396

466 298 611 372 ἀλλ’
647 299 899 371 ὁπόταν
932 299 1330 370 πλεόνεσσιν
1357 297 1787 390 ἐρειδόμενον
1815 301 1978 368 ποσὶ
2003 308 2242 391 βαίνῃ,

462 409 633 472 ἔνθα
659 404 859 491 μένος
888 409 1183 490 γυίοισιν
1212 398 1686 490 ἀφαυρότερον
1711 402 1897 470 πέλει
1927 399 2167 475 αὐτοῦ.

362 496 573 594 οὗπερ
608 501 1074 592 ἀγνοουμένου
1102 501 1382 592 ἐκήρυξε
1407 504 1650 590 Κρέων
1691 498 1728 570 ὁ
1757 497 2054 590 ἀδελφὸς
2087 500 2304 574 ’Ionai-

362 612 668 693 στης-τῆς
697 611 1118 693 βασιλίσσης,
1162 601 1251 684 ὥς
1277 600 1458 684 ὅστις
1487 600 1676 692 εὕροι
1703 601 1778 672 τὸ
1807 613 2108 692 αἴνιγμα,
2139 606 2307 675 τού-

306 720 336 771 5
365 735 457 799 τςο
483 713 816 792 συνάψειν
842 708 964 796 τὴν
992 702 1319 796 ἀδελφήν.
1363 710 1692 784 Οἰδίπους
1732 706 1841 792 δέ,
1888 701 1976 786 ὥς
2011 713 2301 795 ἔφημεν,

363 809 621 896 διάγων
650 812 792 878 ἐκεῖ
812 807 994 895 τότε,
1025 805 1319 888 ἀκούσας
1358 805 1439 876 τὰ
1478 805 1874 896 κηρύγματα
1911 805 2061 876 λύει
2103 837 2176 878 τε
2217 808 2300 899 τὸ

362 921 635 997 αἴνιγμα
674 917 789 997 τῆς
828 907 1135 997 Σφιγγὸς
1176 910 1291 978 καὶ
1336 907 1459 997 τὴν
1496 911 1744 998 μητέρα
1785 906 1912 977 οὐκ
1953 907 2152 992 εἰδώς
2201 917 2300 990 εἰς

364 1025 653 1100 γυναῖκα
682 1010 1028 1098 λαμβάνει.
1060 1017 1257 1080 ἔλυσε
1288 1011 1364 1080 δὲ
1391 1007 1638 1098 οὕτως,
1669 1006 1759 1091 ὥς
1784 1030 1984 1099 φασι·

466 1120 673 1182 κλῦθι
704 1114 818 1182 καὶ
847 1108 975 1182 οὐκ
1003 1115 1356 1199 ἐθέλουσα,
1371 1111 1740 1202 κακόπτερε
1752 1117 2004 1182 Μοῦσα
2031 1112 2298 1182 θανόν-

284 1229 349 1282 10
1177 1241 1333 1300 των,

570 1325 804 1405 φωνῆς
827 1314 1150 1407 ἡμετέρης
1189 1313 1313 1388 σὸν
1339 1319 1526 1395 τέλος
1557 1311 1950 1402 ἀμπλακίης.

466 1413 837 1504 ἄνθρωπον
863 1421 1244 1506 κατέλεξας,
1279 1416 1352 1499 ὃς
1379 1416 1578 1508 ἡνίκα
1605 1431 1808 1506 γαῖαν
1835 1417 2133 1505 ἐφέρπει,

568 1524 835 1605 πρῶτον
868 1525 1001 1606 ἔφυ
1028 1519 1399 1609 τετράπους
1425 1519 1661 1609 νήπιος
1689 1523 1763 1588 ἐκ
1790 1517 2102 1609 λαγόνων
2118 1541 2134 1554 “

465 1619 789 1708 γηραλέος
820 1619 896 1688 δὲ
922 1621 1145 1690 πέλων
1171 1626 1480 1711 τρίτατον
1508 1620 1682 1690 πόδα
1701 1621 1998 1712 βάκτρον
2021 1626 2290 1712 ἐρείδει,

282 1740 345 1792 15
565 1717 816 1809 αὐχένα
844 1730 1177 1812 φορτίζων
1196 1775 1217 1812 ,
1249 1723 1454 1814 γήραι·
1475 1722 1954 1811 καμπτόμενος.

364 1819 707 1892 ἀκούσασα
737 1824 814 1892 δὲ
840 1823 965 1910 τὴν
992 1825 1192 1895 λύσιν
1230 1822 1272 1912 ἡ
1314 1827 1537 1912 Σφὶγξ
1579 1823 1826 1913 ἑαυτὴν
1863 1822 2132 1915 ἀναιρεῖ
2157 1853 2280 1896 πα-

365 1931 666 2014 ραχρῆμα
708 1928 957 2014 ῥίψασα
998 1933 1117 1995 τοῦ
1159 1923 1369 2016 ἀέρος.
1433 1931 1760 2006 Οἰδίπους
1801 1926 1876 1995 δὲ
1929 1925 2159 1997 συνών
2212 1937 2290 2018 τῇ

362 2027 561 2114 μητρὶ
586 2027 700 2094 καὶ
727 2032 967 2107 παῖδας
1006 2030 1072 2108 ἐξ
1113 2024 1320 2113 αὐτῆς
1355 2027 1574 2115 φύσας
1608 2028 1960 2117 τέσσαρας,
2005 2025 2292 2118 ἄρρενας

362 2127 485 2213 μὲν
508 2123 847 2198 Ἐτεοκλέα
873 2131 986 2198 καὶ
1004 2135 1467 2217 Πολυνείκην,
1496 2134 1776 2215 θηλείας
1803 2127 1878 2196 δὲ
1899 2125 2290 2218 ’Λντιγόνην

276 2251 344 2304 20
364 2230 477 2296 καὶ
510 2225 853 2319 Ἰσμήνην,
900 2226 989 2310 ὡς
1020 2237 1193 2320 ἔγνω
1225 2229 1301 2298 τὸ
1336 2237 1588 2318 μίασμα
1629 2225 1947 2317 ὕστερον,
1982 2230 2291 2317 ἐτύφλω-

365 2351 485 2397 σεν
515 2331 776 2399 ἑαυτόν.
814 2329 1155 2416 Ἐτεοκλῆς
1198 2330 1274 2398 δὲ
1319 2333 1432 2399 καὶ
1472 2337 1928 2419 Πολυνείκης,
1973 2334 2291 2413 θέλοντές

360 2457 501 2509 πως
544 2425 871 2517 ἀφανίσαι
910 2429 984 2500 τὸ
1030 2427 1325 2520 ὄνειδος,
1383 2439 1898 2504 κατακλείουσιν
1951 2430 2163 2502 αὐτὸν
2217 2437 2292 2502 ἐν

362 2537 669 2624 οἰκίσκῳ,
719 2528 813 2602 ἵν’
862 2527 995 2602 ὑπὸ
1048 2533 1337 2622 μηδενὸς
1392 2532 1866 2626 θεωρούμενος
1921 2540 2014 2616 εἰς
2067 2535 2294 2623 λήθην

360 2631 503 2722 ἥξοι
534 2632 609 2704 τὸ
636 2632 783 2705 κατ’
816 2638 1101 2707 ἐκείνου.
1134 2637 1247 2706 καὶ
1289 2632 1362 2718 ὃς
1403 2643 1600 2708 τοῦτο
1627 2633 2094 2725 ὑπεραλγήσας
2123 2633 2294 2727 ἀρᾶ-

276 2755 343 2808 25
361 2763 467 2806 ται
500 2735 761 2821 τούτοις
793 2738 917 2827 τὴν
944 2745 1293 2828 βασιλείαν
1319 2738 1572 2830 σιδήρςο
1613 2744 1900 2827 μερίσαι.
1957 2744 2030 2806 οἳ
2061 2738 2137 2807 δὲ
2177 2737 2295 2818 τὰς

359 2844 478 2906 τοῦ
508 2837 757 2931 πατρὸς
795 2837 959 2930 ἀρὰς
988 2840 1284 2922 δεδιότες
1323 2867 1748 2930 μηχανωνται
1786 2838 2084 2909 τοιόνδε·
2147 2847 2282 2926 ἔχε

361 2950 524 3011 σθαι
550 2946 665 3027 τῆς
694 2938 899 3064 ἀρχῆς
926 2945 1046 3011 ἕνα
1086 2940 1246 3032 παρ’
1283 2946 1402 3014 ἕνα
1433 2944 1548 3011 καὶ
1587 2940 1831 3030 ταύτης
1863 2956 2298 3065 παραχωρεῖν

360 3042 626 3134 θατέρω
664 3039 980 3130 θάτερον.
1017 3040 1054 3112 ὁ
1083 3049 1323 3113 τοίνυν
1350 3041 1724 3134 Ἐτεοκλῆς,
1755 3070 1871 3113 ατε
1897 3069 2160 3134 πρωτος
2195 3069 2291 3110 ων

360 3149 482 3213 τοῦ
508 3140 811 3232 ἀδελφοῦ
839 3146 953 3213 καὶ
992 3170 1250 3234 πρωτος
1277 3152 1394 3230 τῆς
1427 3143 1632 3235 ἀρχῆς
1657 3142 1906 3234 η’ψατο,
1931 3151 2292 3213 Πολυνεί-

277 3262 345 3317 30
359 3273 477 3334 κης
505 3247 580 3315 δὲ
611 3244 1001 3338 ὑπεχώρησε
1044 3247 1158 3316 καὶ
1196 3249 1626 3328 τελεσθέντος
1668 3251 1981 3318 ἐνιαυτοῦ
2011 3243 2288 3346 ἀφίκετο

362 3345 527 3444 πρὸς
554 3347 675 3417 τὸν
714 3347 1016 3438 ἀδελφὸν
1043 3357 1249 3420 αἰτων
1292 3352 1405 3418 καὶ
1443 3347 1647 3430 αὐτὸς
1689 3347 1916 3439 άρξειν
1955 3339 2284 3418 ἐνιαυτόν.

354 3447 693 3536 Ἐτεοκλῆς
734 3451 809 3517 δὲ
850 3478 1007 3520 ουτε
1062 3453 1285 3535 ἐξέστη
1330 3457 1448 3535 τῆς
1491 3447 1693 3538 ἀρχῆς
1733 3451 1847 3517 καὶ
1899 3475 2134 3535 ατιμον
2170 3445 2286 3514 τὸν
