2534 3917
1102 216 1485 276 ΟΡΕΣΤΗΣ
2152 213 2278 278 259

502 385 648 472 [τὸν
678 386 808 453 α’πὸ
831 391 1206 473 Ταντάλου]
1231 387 1560 471 σέβεσθαί
1579 412 1661 471 με
1686 385 1847 474 χρή,

503 489 620 556 καὶ
647 485 782 575 μὴν
809 484 1126 574 βασιλεὺς
1157 482 1278 555 ὅδε
1306 484 1390 573 δὴ
1420 493 1685 573 στείχει,

501 591 856 667 Μενέλαος
885 583 1081 674 ἅναξ,
1111 586 1282 656 πολὺ
1304 586 1377 655 δ’
1405 583 1751 673 ἁβροσύνῃ

506 696 706 777 δῆλος
734 684 1023 779 ὁρᾶσθαι
2170 704 2276 758 350

507 781 639 859 τῶν
675 795 1102 859 Τανταλιδῶν
1129 791 1194 872 ἐξ
1224 794 1495 876 αἵματος
1525 785 1639 861 ῶν.

505 884 559 960 ῶ
588 891 937 979 χιλιόναυν
965 889 1247 982 στρατὸν
1274 887 1565 981 ὁρμήσας

506 1000 600 1073 εἰς
627 1000 757 1081 γῆν
777 990 1027 1080 Ἀσίαν,

500 1091 703 1185 χαῖρ’,
737 1092 1014 1183 εὐτυχίᾳ
1041 1090 1108 1162 δ’
1144 1090 1346 1173 αὐτὸς
1373 1089 1644 1181 ὁμιλεῖς,

503 1196 759 1265 θεόθεν
786 1194 1034 1284 πράξας
1063 1190 1232 1283 ἅπερ
1263 1192 1499 1281 ηὔχου.
2169 1213 2273 1267 356

278 1301 432 1368 ΜΕ.
492 1288 547 1365 ῶ
575 1303 798 1384 δῶμα,
831 1302 912 1387 τῇ
940 1298 1064 1382 μέν
1090 1292 1156 1363 σ’
1189 1290 1405 1382 ἡδέως
1431 1300 1926 1386 προσδέρκομαι

511 1406 844 1487 Τροίαθεν
873 1395 1126 1483 ἐλθών,
1155 1402 1236 1486 τῇ
1264 1394 1331 1466 δ’
1366 1395 1533 1469 ἰδῶν
1560 1400 1965 1468 καταστένω·

503 1499 729 1589 κύκλῳ
758 1498 884 1588 γὰρ
916 1504 1324 1584 εἱλιχθεῖσαν
1352 1496 1613 1579 ἀθλίοις
1641 1514 1869 1581 κακοῖς

504 1598 843 1670 οὐπώποτ’
875 1597 1085 1688 ἄλλην
1111 1606 1365 1686 μᾶλλον
1393 1602 1579 1671 εἶδον
1606 1604 1849 1671 ἑστίαν.

503 1702 978 1789 Ἀγαμέμνονος
1003 1700 1127 1787 μὲν
1155 1700 1284 1790 γὰρ
1313 1702 1511 1788 τύχας
1537 1701 1911 1791 ἠπιστάμην
2166 1720 2270 1775 360

509 1803 650 1885 [καὶ
681 1803 1017 1882 θάνατον,
1053 1802 1172 1887 οἴῳ
1204 1801 1373 1886 πρὸς
1402 1804 1736 1888 δάμαρτος
1764 1804 2033 1892 ῶλετο,]

509 1906 744 1993 Μαλέᾳ
775 1908 1154 1993 προσίσχων
1182 1907 1490 1993 πρῷραν·
1522 1907 1595 1972 ἐκ
1626 1904 1701 1973 δὲ
1726 1904 2040 1991 κυμάτων

503 2000 540 2073 ὁ
570 2010 940 2074 ναυτίλοισι
967 2001 1197 2091 μάντις
1225 2002 1564 2092 ἐξήγγειλέ
1581 2033 1695 2092 μοι

499 2108 782 2194 Νηρέως
809 2104 1149 2192 προφήτης
1179 2111 1483 2187 Γλαῦκος
1509 2103 1807 2195 ἀψευδὴς
1835 2108 2014 2191 θεός,

507 2202 578 2286 ὅς
608 2232 721 2293 μοι
748 2203 895 2277 τόδ’
931 2205 1117 2275 εἶπεν
1147 2210 1461 2293 ἐμφανῶς
1494 2213 1963 2287 κατασταθείς·
2165 2226 2267 2281 365

503 2310 845 2394 Μενέλαε,
873 2323 1085 2377 κεῖται
1110 2305 1224 2389 σὸς
1249 2316 1644 2398 κασίγνητος
1671 2310 1928 2396 θανῶν,

497 2415 882 2498 λουτροῖσιν
913 2406 1157 2496 ἀλόχου
1185 2410 1566 2499 περιπεσών
1598 2409 2048 2504 ἀρκυστάτοις.

501 2509 819 2601 δακρύων
847 2508 913 2579 δ’
948 2519 1232 2597 ἔπλησεν
1260 2515 1380 2599 ἐμέ
1400 2540 1471 2582 τε
1499 2516 1612 2583 καὶ
1639 2516 1886 2595 ναύτας
1912 2512 2111 2602 ἐμοὺς

499 2618 786 2680 πολλῶν.
818 2613 962 2681 ἐπεὶ
989 2611 1063 2681 δὲ
1088 2619 1446 2694 Ναυπλίας
1475 2615 1671 2698 ψαύω
1699 2616 1964 2703 χθονός,

496 2707 624 2800 ἤδη
657 2714 986 2804 δάμαρτος
1016 2710 1260 2782 ἐνθάθ’
1296 2716 1771 2805 ἐξορμωμένης,
2162 2733 2266 2787 370

502 2818 725 2884 δοκῶν
750 2812 1062 2905 Ὀρέστην
1089 2820 1297 2884 παῖδα
1323 2814 1442 2887 τὸν
1466 2814 1950 2906 Ἀγαμέμνονος

500 2923 760 3001 φίλαισι
787 2918 973 3008 χερσὶ
1004 2924 1393 3005 περιβαλεῖν
1420 2921 1533 2989 καὶ
1558 2922 1829 3010 μητέρα,

503 3013 591 3097 ῶς
619 3014 1093 3105 εὐτυχοῦντας,
1125 3024 1367 3089 ἔκλυον
1394 3015 1736 3091 ἁλιτύπων
1761 3018 1940 3101 τινὸς

496 3125 610 3207 τῆς
650 3126 1061 3211 Τυνδαρείας
1087 3120 1428 3210 θυγατρὸς
1457 3120 1729 3194 ἀνόσιον
1758 3123 1991 3211 φόνον.

495 3223 608 3290 καὶ
633 3230 766 3291 νῦν
793 3219 965 3293 ὅπου
985 3218 1158 3293 ’στὶν
1187 3219 1427 3311 εἴπατ’,
1459 3216 1514 3293 ῶ
1543 3223 1861 3311 νεάνιδες,
2159 3238 2260 3295 375

489 3318 973 3410 Ἀγαμέμνονος
1000 3338 1186 3410 παῖς,
1216 3318 1289 3403 ὃς
1315 3321 1395 3392 τὰ
1416 3322 1593 3394 δείν’
1628 3334 1780 3415 ἔτλη
1808 3323 1999 3395 κακά.

495 3426 744 3513 βρέφος
771 3422 898 3516 γὰρ
930 3416 1018 3513 ἦν
1048 3420 1186 3493 τότ’
1220 3428 1293 3495 ἐν
1319 3433 1908 3517 Κλυταιμνήστρας
1932 3442 2177 3515 χεροῖν,

1805 3623 1927 3686 17*
