2534 3917
344 179 429 242 84

176 1837 187 1842 ·
304 1787 498 1884 ΠΤ·

360 2498 489 2558 ΟΡ.

360 2703 479 2764 ΙΦ.

784 177 1242 236 ΙΦΙΓΕΝΕΙΛ
1285 177 1356 234 H
1381 177 1495 235 EN
1543 177 1906 236 ΤΑΥΡΟῙΣ

578 347 838 435 τύμβον
865 373 936 414 τε
966 352 1186 433 χῶσον
1216 341 1504 425 κάπίθες
1533 344 1822 433 μνημεῖά
1848 374 1986 433 μοι,

578 452 693 519 καὶ
724 444 963 536 δάκρυ’
998 444 1262 536 ἀδελφὴ
1294 450 1409 516 καὶ
1435 446 1644 534 κόμας
1673 447 1850 518 δότω
1877 449 2094 543 τάφῳ.

582 549 871 640 ἄγγελλε
902 547 969 618 δ’
1004 546 1094 630 ὡς
1122 545 1324 618 ὄλωλ’
1358 546 1481 618 ὑπ’
1519 546 1821 637 Ἀργείας
1850 551 2033 632 τινὸς

578 652 940 742 γυναικός,
972 649 1146 740 ἀμφὶ
1172 649 1408 739 βωμὸν
1436 647 1784 739 ἁγνισθεὶς
1813 653 2024 745 φόνῳ.
2273 671 2392 728 705

580 758 693 825 καὶ
721 754 811 843 μὴ
840 759 1107 846 προδῷς
1134 781 1266 842 μου
1292 752 1416 842 τὴν
1446 753 1856 842 κασιγνήτην
1896 758 2078 842 ποτέ,

580 866 791 948 ἔρημα
820 856 994 946 κήδη
1026 858 1141 925 καὶ
1171 855 1420 943 δόμους
1449 850 1632 946 ὁρῶν
1661 856 1927 946 πατρός.

582 963 696 1030 καὶ
724 955 901 1048 χαῖρ’
924 981 938 995 ·
974 961 1157 1045 ἐμῶν
1184 957 1311 1048 γὰρ
1343 965 1669 1047 φίλτατον
1695 955 1760 1025 σ’
1783 948 2002 1048 ηὗρον
2031 967 2286 1049 φίλων,

585 1053 640 1130 ῶ
667 1060 1058 1149 συγκυναγὲ
1086 1063 1199 1130 καὶ
1228 1062 1718 1151 συνεκτραφεὶς
1745 1064 1918 1148 ἐμοί,

585 1155 640 1233 ῶ
668 1161 863 1234 πόλλ’
898 1161 1195 1251 ἐνεγκὼν
1224 1170 1361 1232 τῶν
1393 1166 1572 1250 ἐμῶν
1602 1159 1778 1249 ἄχθη
1808 1169 2058 1232 κακῶν.
2277 1183 2394 1238 710

580 1264 749 1354 ἡμᾶς
776 1263 842 1336 δ’
876 1261 913 1335 ὁ
944 1273 1190 1353 Φοῖβος
1217 1266 1450 1353 μάντις
1479 1261 1576 1333 ῶν
1606 1264 1966 1346 ἐψεύσατο·

584 1373 824 1458 τέχνην
854 1368 929 1436 δὲ
957 1370 1245 1454 θέμενος
1273 1362 1782 1456 &gamat-«staff
1820 1364 2140 1447 Ἑλλάδος

584 1466 872 1558 ἆπήλασ’
907 1474 1094 1538 αἰδοῖ
1115 1476 1253 1538 τῶν
1283 1469 1492 1557 πάρος
1519 1469 2022 1558 μαντευμάτων.

584 1562 639 1664 ᾦ
670 1567 867 1640 πάντ’
905 1568 1035 1658 ἐγὼ
1066 1569 1228 1651 δοὺς
1254 1569 1426 1658 τάμὰ
1453 1573 1566 1640 καὶ
1595 1572 1900 1651 πεισθεὶς
1928 1570 2177 1659 λόγοις,

585 1677 835 1762 μητέρα
865 1671 1192 1754 κατακτὰς
1222 1669 1425 1753 αὐτὸς
1455 1671 1979 1760 ἀνταπόλλυμαι.
2276 1693 2391 1746 715

584 1783 768 1846 ἔσται
795 1775 1011 1865 τάφος
1038 1798 1177 1862 σοι,
1210 1778 1323 1844 καὶ
1353 1774 1757 1864 κασιγνήτης
1800 1779 1986 1863 λε’χος

586 1877 719 1949 οὐκ
747 1873 833 1948 ἂν
862 1883 1226 1968 προδοίην,
1259 1869 1316 1947 ῶ
1344 1877 1573 1964 τάλας,
1605 1882 1755 1947 ἐπεί
1789 1873 1853 1946 σ’
1889 1877 2019 1965 ἐγώ

584 1981 887 2051 θανόντα
913 1988 1169 2068 μᾶλλον
1197 1977 1240 2068 ἦ
1267 1977 1600 2069 βλέπονθ’
1633 1983 1756 2062 ἕξω
1785 1987 2009 2068 φίλον.

586 2080 753 2172 άτάρ
782 2081 857 2152 τό
888 2089 1007 2152 τοῦ
1036 2090 1210 2151 θεοῦ
1240 2079 1307 2149 σ’
1342 2079 1424 2151 οὐ
1457 2084 1827 2172 διέφθορέν
1855 2085 1934 2170 γε’
1959 2107 2062 2151 πω

585 2186 966 2271 μάντευμα,
998 2190 1216 2252 καίτοι
1246 2180 1317 2270 γ’
1352 2183 1556 2271 ἐγγὺς
1585 2188 1864 2272 ἕστηκας
1892 2183 2129 2272 φόνου.
2269 2199 2394 2254 720

587 2284 735 2354 ἀλλ’
771 2292 953 2354 ἔστιν
983 2281 1225 2372 ἐστινὴ
1255 2291 1412 2354 λίαν
1443 2289 1820 2376 δυσπραξία

584 2395 740 2456 λίαν
769 2391 1055 2455 διδοῦσα
1082 2389 1486 2474 μεταβολάς,
1517 2385 1680 2460 ὅταν
1708 2388 1897 2478 τύχῃ.

586 2497 773 2576 σίγα’
803 2487 885 2559 τὰ
912 2496 1174 2577 Φοίβου
1204 2485 1268 2558 δ’
1305 2485 1515 2559 οὐδὲν
1544 2487 1800 2580 ῶφελεῖ
1821 2487 1893 2578 μ’
1928 2496 2052 2578 ἔπη
2071 2513 2084 2526 ·

586 2589 761 2681 γυνὴ
800 2589 929 2680 γὰρ
958 2587 1080 2679 ἥδε
1109 2591 1440 2680 δωμάτων
1469 2596 1592 2675 ἔξω
1621 2600 1814 2684 περᾷ.

588 2691 921 2766 ἀπέλθεθ’
954 2691 1150 2783 ὑμεῖς
1177 2697 1290 2764 καὶ
1319 2702 1874 2784 παρευτρεπίζετε
2274 2707 2384 2764 ‘125

590 2795 842 2866 τᾶνδον
867 2796 1186 2884 μολόντες
1212 2811 1353 2877 τοῖς
1380 2800 1709 2886 ἐφεστῶσι
1736 2804 1988 2886 σφαγῇ.

593 2902 834 2968 δέλτου
862 2899 987 2984 μὲν
1017 2903 1132 2968 αἴδ
1137 2926 1166 2965 ε
1196 2899 1584 2989 πολύθυροι
1612 2906 1993 2987 διαπτυχαί,

586 3003 801 3085 ξένοι,
834 2999 1173 3087 πάρεισιν·
1207 2995 1249 3068 ἃ
1280 2997 1346 3069 δ’
1383 3003 1490 3070 ἐπὶ
1519 3007 1741 3072 τοῖσδε
1770 3002 2126 3091 βούλομαι,

586 3098 910 3170 ἀκούσατ’
936 3124 951 3138 ·
986 3099 1213 3182 οὐδεὶς
1241 3099 1448 3183 αὐτὸς
1478 3108 1553 3173 ἐν
1581 3104 1815 3186 πόνοις
1851 3110 1909 3174 τ’
1957 3111 2132 3197 ἀνὴρ

591 3200 754 3272 ὅταν
781 3231 853 3272 τε
882 3202 1049 3292 πρὸς
1076 3202 1149 3274 τὸ
1180 3203 1434 3296 θάρσος
1462 3209 1535 3275 ἐκ
1565 3207 1791 3297 φόβου
1820 3211 2011 3296 πέσῃ.
2283 3222 2395 3278 730
2482 3290 2491 3299 ,

588 3303 719 3393 ἐγῶ
747 3305 823 3375 δὲ
850 3314 1075 3397 ταρβῶ
1101 3305 1190 3396 μὴ
1209 3299 1668 3397 ἀπονοστήσας
1697 3309 1948 3398 χθονὸς

588 3414 794 3494 θῆται
823 3405 982 3498 παρ’
1015 3405 1219 3480 οὐδὲν
1237 3409 1354 3490 τὰς
1383 3410 1541 3498 ἐμὰς
1571 3412 1922 3494 ἐπιστολὰς

588 3505 623 3577 ὁ
655 3509 855 3595 τήνδε
880 3515 1142 3600 μέλλων
1174 3514 1411 3581 δέλτον
1442 3520 1534 3593 εἰς
1553 3511 1800 3604 ”Appos
1828 3519 2084 3606 φέρειν.
