2534 3917
341 140 427 203 20
795 139 1256 197 ΙΦΙΓΕΝΕΙΑ
1298 139 1371 195 Η
1408 138 1528 195 ΕΝ
1566 135 1882 195 ΑΥΛΙΔῙ

581 303 796 388 ἄλλως
824 308 900 377 τέ
922 304 993 396 μ’
1026 314 1207 389 ἔλεος
1237 314 1353 394 τῆς
1380 304 1808 396 ταλαιπώρου
1837 303 2041 394 κόρης

580 414 888 496 εἰσῆλθε,
935 414 1335 494 συγγένειαν
1380 410 1835 494 ἐννοουμένῳ,
2518 389 2521 563 I

579 506 623 599 ἢ
652 516 788 580 τῶν
815 513 997 598 ἐμῶν
1027 512 1211 579 ἕκατι
1239 506 1541 577 θύεσθαι
1571 507 1807 595 γάμων
2519 570 2520 585 ἶ

581 614 825 701 μέλλει.
856 620 928 681 τί
953 608 1019 681 δ’
1055 607 1320 699 Ἑλένης
1348 613 1671 702 παρθένῳ
1710 616 1791 699 τῇ
1823 618 1906 701 σῇ
1937 613 2135 699 μέτα;

587 725 706 784 ἴτω
738 721 1049 805 στρατεία
1078 708 1462 783 διαλυθεῑσ’
1496 714 1563 795 ἐξ
1590 708 1911 794 Αὐλίδος.
2251 730 2358 786 495

585 814 673 886 σύ
703 812 771 884 δ’
803 813 982 905 ὄμμα
1011 822 1264 885 παῦσαι
1294 812 1613 903 δακρύοις
1645 817 1901 901 τέγγων
1931 814 2006 885 τὸ
2037 814 2185 902 σόν,

592 915 878 1007 ἀδελφέ,
913 914 1081 1007 κάμὲ·
1113 922 1524 1007 παρακαλῶν
1555 922 1647 996 εἰς
1676 916 1961 1007 δάκρυα.
2520 912 2523 1051 γ

589 1026 652 1089 εἰ
675 1022 756 1091 δέ
779 1048 842 1089 τι
869 1018 1074 1111 κόρης
1101 1026 1220 1108 σῆς
1247 1016 1616 1107 θεσφάτων
1628 1020 1900 1107 μέτεστί
1923 1039 2049 1107 σοι,

586 1121 677 1211 μὴ
700 1119 838 1209 ’μοὶ
868 1126 1156 1210 μετέστω
1175 1143 1189 1160 ·
1221 1124 1333 1191 σοὶ
1357 1122 1535 1208 νέμω
1550 1117 1805 1210 τούμὸν
1830 1123 2048 1212 μέρος.

585 1221 734 1294 ἀλλ’
773 1231 865 1307 εἰς
895 1222 1262 1314 μεταβολὰς
1291 1214 1510 1312 ἦλθον
1539 1218 1670 1294 ἀπὸ
1700 1229 1949 1293 δεινῶν
1975 1224 2220 1313 λόγων.
2254 1243 2361 1297 500

589 1328 765 1407 εἰκὸς
797 1326 1109 1398 πέπονθα
1125 1348 1139 1364 ·
1183 1324 1306 1395 τὸν
1331 1322 1591 1413 ὁμόθεν
1616 1325 1968 1415 πεφυκότα

584 1432 884 1520 στέργων
909 1432 1291 1517 μετέπεσον.
1326 1425 1573 1518 ἀνδρὸς
1602 1425 1685 1498 οὐ
1714 1435 1929 1499 κακοῦ
1959 1428 2195 1520 τρόποι
2522 1436 2525 1579 ς

586 1536 867 1619 τοιοίδε,
895 1539 1192 1621 χρῆσθαι
1217 1546 1390 1601 τοῖσι
1416 1538 1781 1619 βελτίστοις
1813 1526 1941 1601 ἀεί.

342 1643 485 1703 XO.
577 1629 836 1722 γενναῖ’
874 1636 1096 1715 ἔλεξας
1134 1633 1451 1724 Ταντάλῳ
1478 1660 1550 1702 τε
1578 1640 1675 1726 τῷ
1701 1631 1871 1713 Διὸς

580 1738 919 1825 πρέποντα
936 1757 951 1772 ·
979 1734 1357 1826 προγόνους
1385 1731 1469 1805 οὗ
1497 1734 1959 1825 καταισχύνεις
1990 1739 2218 1806 σέθεν.
2252 1755 2355 1809 505

339 1846 544 1907 ΑΓΛ.
589 1844 758 1908 αἰνῶ
787 1858 894 1926 σε,
923 1840 1322 1926 Μενέλεως,
1355 1833 1460 1908 ὅτι
1488 1836 1669 1930 παρὰ
1700 1836 1979 1927 γνῶμην
2011 1837 2180 1929 ἐμὴν

577 1936 925 2029 ὑπέθηκας
958 1936 1184 2032 ὀρθῶς
1214 1938 1371 2023 τους
1401 1938 1643 2028 λόγους
1670 1948 1795 2011 σοῦ
1824 1936 1892 2008 τ’
1924 1936 2142 2023 ἀξίως.

591 2040 838 2134 ταραχὴ
871 2040 936 2113 δ’
970 2038 1292 2132 ἀδελφῶν
1320 2041 1434 2113 διά
1461 2039 1526 2111 τ’
1559 2048 1774 2135 ἔρωτα
1805 2051 2104 2131 γίγνεται
2524 1958 2527 2159 Ὺ

579 2148 971 2228 πλεονεξίαν
999 2171 1070 2213 τε
1101 2143 1431 2233 δωμάτων
1447 2167 1462 2182 ·
1495 2140 1841 2216 ἀπέπτυσα

577 2245 848 2317 τοιάνδε
875 2249 1278 2335 συγγένειαν
1309 2242 1629 2336 ἀλλήλοιν
1658 2248 1927 2338 πικράν.
2242 2265 2349 2319 510

579 2344 727 2418 ἀλλ’
759 2344 1011 2437 ἥκομεν
1037 2346 1167 2440 γὰρ
1197 2356 1293 2430 εἰς
1320 2343 1688 2436 ἀναγκαίας
1716 2350 1939 2439 τύχας,

578 2447 921 2540 θυγατρὸς
949 2448 1321 2542 αἱματηρὸν
1349 2453 1668 2542 ἐκπρᾶξαι
1697 2452 1936 2541 φόνον.

335 2562 492 2621 ΜΕ.
583 2560 758 2636 πῶς;
789 2560 887 2633 τίς
916 2549 984 2622 δ’
1015 2549 1382 2642 ἀναγκάσει
1411 2573 1487 2623 σε
1512 2553 1638 2644 τήν
1667 2582 1746 2642 γε
1777 2554 1908 2643 σὴν
1938 2568 2282 2638 κτανεῖνς·

334 2662 519 2723 ΑΓΛ
583 2651 753 2737 ἅπας
773 2651 1055 2745 Ἀχαιῶν
1080 2655 1405 2745 σύλλογος
1431 2657 1938 2747 στρατεύματος.

333 2765 492 2825 ME.
578 2754 840 2847 οὕκ,ἤν
862 2787 974 2830 νιν
1004 2765 1098 2838 εἰς
1123 2756 1369 2849 ’Ἄργος
1399 2755 1468 2845 γ’
1488 2759 1881 2847 ἀποστείλῃς
1916 2757 2142 2829 πάλιν.
2251 2776 2347 2828 515

331 2866 537 2927 ΑΓΛ.
580 2858 860 2949 λάθοιμι
885 2857 1072 2931 τοῦτ’
1107 2856 1212 2929 ἄν.
1247 2855 1401 2929 ἀλλ’
1434 2856 1640 2931 ἐκεῖν’
1673 2859 1756 2932 οὗ
1787 2860 2099 2949 λήσομεν.

333 2968 491 3029 ΜΕ.
571 2960 647 3030 τὸ
677 2977 909 3045 ποῖονς
939 2958 1128 3032 οὔτοι
1153 2958 1281 3051 χρὴ
1311 2968 1468 3031 λίαν
1496 2970 1773 3053 ταρβεῖν
1802 2960 2024 3051 ὄχλον.

331 3068 536 3131 ΑΓΛ.
580 3061 849 3150 Κάλχας
878 3067 1022 3154 ἐρεῖ
1041 3060 1452 3153 μαντεύματ’
1479 3061 1802 3155 Ἀργείων
1828 3072 2111 3157 στρατῶ.

330 3173 489 3233 ME.
574 3161 738 3254 οὔκ,
769 3160 861 3253 ἦν
875 3170 1055 3256 θάνῃ
1090 3194 1169 3253 γε
1200 3165 1497 3257 πρόσθε·
1542 3174 1740 3236 τοῦτο
1772 3164 1842 3237 δ’
1878 3162 2184 3257 εὐμαρές.

329 3274 534 3336 ΑΓΛ.
579 3264 655 3338 τὸ
685 3266 1011 3355 μαντικὸν
1039 3275 1175 3339 πᾶν
1203 3270 1464 3360 σπέρμα
1493 3268 1852 3358 φιλότιμον
1878 3268 2113 3339 κακόν.
2245 3282 2349 3337 520

330 3378 488 3437 ME.
573 3365 825 3440 κούδέν
849 3366 918 3459 γ’
951 3368 1237 3462 ἀρεστὸν
1265 3366 1432 3442 οὐδὲ
1458 3369 1790 3462 χρήσιμον
1816 3369 2057 3462 παρόν.

202 3508 208 3515 -
247 3524 254 3529 .
337 3478 536 3540 ΑΓΛ.
583 3475 801 3541 ἐκεῖνο
833 3468 902 3541 δ’
935 3469 1018 3543 οὐ
1049 3475 1355 3555 δέδοικας
1394 3471 1551 3559 οῧμ’
1613 3470 1974 3557 ἐσέρχεταις
