2534 3917
1098 201 1391 259 ΚΤΚΛΩ
1407 204 1475 259 Ψ
1662 241 1679 254 .
2144 198 2265 264 181

491 366 679 441 ἄλλοι
707 367 773 439 δ’
809 367 990 449 ὅπως
1017 367 1291 458 ὄρνιθες
1320 371 1394 438 ἐν
1424 383 1657 456 μυχοῖς
1688 369 1931 458 πέτρας

491 473 852 560 πτήξαντες
881 470 1091 558 εἶχον,
1123 465 1285 558 αἷμα
1312 466 1377 539 δ’
1411 467 1537 539 οὐκ
1568 473 1731 558 ἐνῆν
1748 477 1917 559 χροΐ.

489 575 632 643 ἐπεὶ
663 570 730 641 δ’
767 575 1052 661 ἑταίρων
1079 579 1216 640 τῶν
1244 575 1423 659 ἐμῶν
1451 574 1774 660 πλησθεὶς
1801 579 2007 661 βορᾶς

486 672 800 761 ἀνέπεσε,
833 673 1135 762 φάρυγος
1163 670 1386 761 αἰθέρ’
1448 679 1643 756 ἐξιεὶς
1698 671 1941 762 βαρύν,
2163 691 2269 744 410

490 779 767 863 εἰσῆλθέ
788 783 909 863 μοί
929 803 991 844 τι
1018 785 1248 843 θετον·
1281 775 1615 862 ἐμπλήσας
1640 783 1900 863 σκύφος

487 878 828 967 ,Μάρωνος
853 873 1036 965 αύτῷ
1065 881 1269 944 τοῦδε
1297 879 1657 966 προσφέρω
1689 892 1891 963 πιεῖν,

487 981 702 1068 λέγων
729 975 876 1048 τάδ’
900 1001 914 1015 ·
947 970 1003 1047 οἶ
1031 975 1155 1047 παῖ
1177 984 1457 1046 ποντίου
1483 985 1689 1065 θεοῦ,
1720 979 2042 1068 Κύκλωψ,

486 1083 726 1163 σκέψαι
755 1077 899 1149 τόδ’
934 1076 1080 1148 οἷον
1099 1075 1327 1158 Ἑλλὰς
1354 1074 1668 1166 ἀμπέλων
1697 1077 1827 1150 ἄπο

487 1194 683 1251 θεῖον
711 1189 962 1270 κομίζει
991 1188 1222 1268 πῶμα,
1252 1179 1603 1249 Διονύσου
1632 1182 1854 1268 γάνος.
2164 1200 2266 1253 415

483 1279 520 1352 ὃ
553 1281 618 1353 δ’
652 1290 945 1363 ἔκπλεως
973 1280 1071 1351 ὢν
1097 1289 1213 1370 τῆς
1243 1279 1693 1369 ἀναισχύντου
1720 1290 1923 1372 βορᾶς

484 1382 734 1467 ἐδέξατ’
766 1387 1055 1454 ἔσπασέν
1081 1381 1141 1452 τ’
1174 1381 1460 1472 ἄμυστιν
1490 1384 1771 1465 ἑλκύσας

487 1483 814 1576 κάπῄνεσ’
849 1484 1014 1574 ἄρας
1041 1502 1260 1577 χεῖρα·
1311 1493 1587 1574 φίλτατε
1620 1489 1851 1574 ξένων,

485 1588 691 1658 καλὸν
719 1587 793 1658 τὸ
825 1595 1022 1677 πῶμα
1051 1590 1229 1658 δαιτὶ
1256 1587 1421 1678 πρὸς
1449 1595 1619 1678 καλῇ
1648 1593 1873 1670 δίδως.

488 1687 782 1777 ἡσθέντα
809 1688 876 1760 δ’
909 1688 1119 1760 αὐτὸν
1147 1686 1236 1770 ως
1263 1689 1660 1780 ἐπῃσθόμην
1686 1689 1838 1779 ἐγω’,
2160 1709 2265 1762 420

485 1790 696 1880 ἄλλην
727 1797 946 1862 ἔδωκα
973 1793 1248 1878 κύλικα,
1288 1792 1686 1879 γιγνώσκων
1714 1788 1817 1861 ὅτι

485 1895 724 1980 τρώσει
751 1923 863 1963 νιν
891 1893 1069 1975 οἶνος
1096 1896 1208 1963 καὶ
1237 1898 1436 1980 δίκην
1466 1893 1669 1962 δώσει
1706 1893 1888 1981 τάχα.

482 1999 595 2064 καὶ
622 1995 706 2082 δὴ
735 1995 900 2084 πρὸς
931 1993 1106 2086 ᾠδὰς
1136 1990 1338 2084 εἷρπ’.
1371 1993 1499 2083 ἐγώ
1530 1992 1596 2063 δ’
1628 1997 1961 2082 ἐπεγχέων

486 2093 694 2184 ἄλλην
721 2095 826 2165 ἐπ’
858 2095 1025 2186 ἄλλῃ
1053 2093 1377 2184 σπλάγχν’
1412 2099 1816 2187 ἐθέρμαινον
1842 2105 2044 2188 ποτῷ.

489 2195 575 2288 ἄδ
580 2226 637 2267 ει
671 2198 747 2267 δὲ
775 2197 954 2287 παρὰ
983 2207 1291 2268 κλαίουσι
1318 2199 1725 2278 συνναύταις
1752 2203 1932 2287 ἐμοῖς
2161 2217 2263 2270 425

487 2297 733 2387 ἄμουσ’
755 2352 774 2386 ,
805 2301 1030 2388 ἐπήχει
1060 2298 1124 2370 δ’
1159 2298 1427 2391 ἄντρον.
1459 2299 1754 2383 ἐξελθών
1782 2297 1847 2370 δ’
1882 2300 2011 2388 ἐγώ

486 2408 674 2490 σιγῇ,
705 2401 779 2470 σὲ
807 2409 1018 2471 σῶσαι
1047 2400 1233 2491 κᾶμ’,
1264 2401 1383 2472 ἐὰν
1410 2404 1657 2492 βούλῃ,
1688 2405 1890 2473 θέλω.

483 2500 629 2571 ἀλλ’
666 2500 880 2572 εἴπατ’
916 2515 1046 2573 εἴτε
1073 2502 1329 2594 χρῄζετ’
1366 2503 1485 2574 εἶτ’
1520 2503 1604 2574 ού
1631 2506 1898 2594 χρῄζετε

485 2604 768 2693 φεύγειν
797 2603 1076 2693 ἄμικτον
1103 2602 1319 2694 ἄνδρα
1346 2608 1459 2673 καὶ
1486 2604 1566 2674 τὰ
1591 2615 1889 2693 Βακχίου

481 2714 700 2776 ναίειν
735 2710 1042 2797 μέλαθρα
1068 2711 1356 2776 Ναΐδων
1381 2714 1675 2793 νυμφῶν
1700 2709 1881 2794 μέτα.
2160 2725 2260 2780 430

485 2805 520 2876 ὁ
552 2808 674 2896 μὲν
701 2808 828 2898 γὰρ
869 2814 1067 2878 ἔνδον
1093 2807 1208 2890 σὸς
1235 2806 1450 2898 πατὴρ
1478 2804 1623 2876 τάδ’
1657 2805 1918 2898 ᾔνεσεν.
1984 2809 1995 2820 “

483 2907 629 2978 ἀλλ’
665 2908 958 2998 ἀσθενὴς
987 2910 1113 3000 γὰρ
1142 2907 1697 3000 κάποκερδαίνων
1725 2917 1953 2996 ποτοῦ,

485 3009 708 3102 ὥσπερ
737 3012 903 3101 πρὸς
935 3015 1049 3103 ἰξῷ
1079 3019 1158 3103 τῇ
1185 3012 1410 3082 κύλικι
1441 3015 1843 3101 λελημμένος

483 3115 816 3203 πτέρυγας
844 3111 1067 3183 ἀλύει·
1099 3113 1187 3185 σὺ
1223 3117 1335 3195 δέ,
1366 3123 1637 3195 νεανίας
1664 3114 1791 3203 γὰρ
1824 3115 1901 3200 εἶ,

485 3214 744 3300 σώθητι
770 3212 913 3302 μετ’
945 3220 1110 3303 ἐμοῦ
1139 3219 1252 3286 καὶ
1282 3215 1401 3286 τὸν
1429 3213 1705 3307 ἀρχαῖον
1734 3222 1938 3304 φίλον
2158 3231 2260 3284 435

113 3335 147 3365 ⁶
481 3315 828 3384 Διόνυσον
855 3314 1164 3405 άνάλαβ’,
1195 3315 1279 3386 ού
1314 3317 1642 3386 Κύκλωπι
1664 3323 2035 3406 προσφερῆ.

260 3421 396 3483 ΧΟ.
479 3409 535 3485 ὦ
568 3415 859 3505 φίλτατ’,
891 3425 956 3486 εἰ
978 3416 1106 3508 γὰρ
1135 3415 1325 3506 τήνδ’
1358 3425 1616 3505 ἴδοιμεν
1643 3415 1917 3508 ἡμέραν,

486 3519 858 3598 Κύκλωπος
884 3519 1293 3608 ἐκφυγόντες
1326 3517 1600 3588 ἀνόσιον
1627 3518 1818 3604 κάρα.
