2534 3917
977 221 1403 280 ΤΡΩΙΑΔΕΣ
2031 219 2152 285 371

376 390 608 460 Φόνου
636 415 708 457 τε
736 388 1047 458 Θανάτου
1076 385 1154 457 θ’
1186 384 1312 457 ὅσα
1337 415 1409 457 τε
1448 395 1532 478 γῆ
1563 393 1792 479 τρέφει
1823 392 2016 461 κακά.
2479 403 2497 478 ,4

378 488 461 562 οῦ
488 491 619 580 γάρ
648 488 798 560 ποτ’
832 487 1019 577 αὐχῶ
1046 490 1231 578 Ζῆνά
1259 487 1326 579 γ’
1363 493 1662 579 ἐκφῦσαί
1683 490 1748 561 σ’
1781 493 1933 580 ἐγώ,
2055 508 2158 564 770
2495 507 2497 514 “

384 602 688 664 πολλοῖσι
716 598 890 682 κῆρα
924 592 1290 682 βαρβάροις
1311 589 1593 681 ’Ἕλλησί
1618 622 1707 662 τε..

379 693 564 765 ὄλοιο
584 718 598 732 ·
630 700 1006 763 καλλίστων
1034 693 1161 784 γὰρ
1194 691 1511 782 ὀμμάτων
1538 693 1668 765 &ino

380 802 665 888 αἰσχρῶς
693 794 773 865 τὰ
799 794 1031 865 κλεινὰ
1059 793 1238 866 πεδί’
1273 792 1619 879 ἀπώλεσας
1647 804 1961 888 Φρυγῶν.

383 897 531 968 ἀλλ’
566 896 759 985 άγετε
787 901 1027 989 φέρετε
1055 897 1335 988 ῥίπτετ’,
1369 906 1431 968 εί
1455 903 1718 990 ῥίπτειν
1746 907 1958 969 δοκεῖ·

380 1008 713 1071 δαίνυσθε
739 1006 940 1069 τοῦδε
972 1001 1239 1092 σάρκας.
1272 1007 1346 1070 ἔκ
1377 1029 1449 1072 τε
1475 999 1602 1091 γὰρ
1631 1008 1816 1071 θεῶν
2059 1014 2160 1071 775

381 1103 838 1190 διολλύμεσθα
866 1107 1063 1171 παιδί
1081 1100 1141 1170 τ’
1174 1100 1258 1172 οῦ
1289 1101 1651 1191 δυναίμεθ’
1687 1100 1771 1172 ἂν

380 1206 683 1274 θάνατον
710 1201 964 1293 ἀρῆξαι.
997 1201 1315 1293 κρύπτετ’
1350 1201 1593 1274 ἄθλιον
1619 1209 1821 1293 δέμας

382 1309 496 1376 καὶ
522 1303 774 1397 ῥίπτετ’
811 1313 904 1386 εἰς
931 1311 1100 1385 ναῦς
1120 1328 1133 1342 ·
1178 1307 1290 1375 ἐπὶ
1315 1305 1524 1376 καλὸν
1557 1305 1686 1397 γὰρ
1717 1314 1986 1397 ἔρχομαι

378 1406 736 1496 ὑμέναιον,
768 1404 1142 1477 ἀπολέσασα
1171 1403 1546 1496 τούμαυτῆς
1574 1410 1827 1478 τέκνον.

153 1520 296 1582 ΧΟ.
379 1511 657 1580 τάλαινα
697 1517 934 1600 Τροία,
965 1516 1252 1597 μυρίους
1283 1507 1628 1591 ἀπώλεσας
2059 1526 2162 1582 780

382 1620 535 1701 μιᾶς
565 1610 885 1700 γυναικὸς
916 1614 1029 1681 καὶ
1056 1612 1292 1698 λέχους
1316 1618 1614 1701 στυγνοῦ
1641 1613 1853 1703 χάριν.

158 1721 295 1782 ΤΑ.
388 1712 509 1804 ἄγε
536 1729 687 1801 παῖ,
720 1721 954 1802 φίλιον
980 1712 1423 1802 πρόσπτυγμα
1450 1716 1683 1802 μεθεὶς

377 1814 626 1904 μητρὸς
660 1820 981 1902 μογερᾶς,
1033 1823 1225 1902 βαῖνε
1251 1815 1582 1907 πατρῴων

383 1925 664 2007 πύργων
694 1913 801 1986 ἐπ’
834 1913 1041 2007 ἄκρας
1070 1915 1439 2004 στεφάνας,
1470 1913 1590 1986 ὅθι
1616 1937 1720 1986 σοι

388 2025 653 2106 πνεῦμα
680 2029 993 2106 μεθεῖναι
1018 2023 1243 2106 ψῆφος
1273 2017 1594 2108 ἐκράνθη.
2059 2033 2158 2089 785

387 2118 744 2209 λαμβάνετ’
779 2118 1008 2190 αὐτόν.
1040 2118 1120 2188 τὰ
1146 2121 1221 2189 δὲ
1248 2120 1474 2190 τοιάδε
1501 2119 1626 2210 χρὴ

384 2223 823 2312 κηρυκεύειν,
859 2219 1039 2299 ὅστις
1066 2220 1373 2303 ἄνοικτος

386 2327 499 2394 καὶ
528 2322 834 2416 ἀναιδείᾳ
860 2331 975 2412 τῆς
1004 2320 1325 2415 ἡμετέρας

383 2425 651 2517 γνώμης
678 2435 930 2514 μᾶλλον
960 2434 1153 2514 φίλος
1179 2429 1381 2496 ἐστίν.

154 2536 299 2599 ΕΚ.
385 2520 441 2598 ὦ
466 2531 735 2617 τέκνον,
767 2519 821 2597 ὦ
851 2543 977 2597 παῖ
1005 2524 1244 2607 παιδὸς
1271 2536 1609 2618 μογεροῦ,
2058 2540 2162 2595 790

386 2631 752 2718 συλώμεθα
781 2627 909 2718 σὴν
935 2627 1158 2716 ψυχὴν
1186 2625 1436 2708 ἀδίκως

383 2732 596 2823 μήτηρ
624 2729 826 2819 κάγώ.
860 2737 933 2800 τί
952 2730 1185 2811 πάθεος
1213 2738 1286 2798 τί
1307 2727 1370 2799 σ’
1405 2730 1558 2818 ἐγώ,

391 2834 701 2924 δύσμορε,
714 2833 976 2925 δράσω;
1006 2832 1164 2901 τάδε
1191 2852 1299 2900 σοι
1328 2837 1607 2919 δίδομεν
1634 2881 1646 2897 .

392 2936 741 3026 πλήγματα
767 2932 1007 3025 κρατὸς
1034 2936 1334 3024 στέρνων
1359 2960 1430 3002 τε
1458 2933 1706 3011 κόπους
1721 2954 1736 2968 ·

390 3044 605 3107 τῶνδε
637 3037 764 3127 γὰρ
793 3033 1115 3125 ἄρχομεν·
1148 3039 1218 3104 οἳ
1245 3033 1368 3124 ’γώ
1399 3035 1672 3119 πόλεως,
2062 3047 2160 3103 795

388 3149 565 3227 οἴμοι
594 3139 670 3208 δὲ
696 3141 932 3208 σέθεν·
962 3144 1033 3207 τί
1053 3135 1181 3226 γὰρ
1212 3135 1337 3206 οὐκ
1367 3143 1622 3226 ἔχομεν,

388 3247 569 3322 τίνος
597 3243 911 3328 ἐνδέομεν
937 3237 1027 3327 μὴ
1056 3235 1140 3308 οὐ
1170 3245 1510 3328 πανσυδίᾳ

387 3355 634 3430 χωρεῖν
662 3338 955 3434 ὀλέθρου
983 3337 1097 3409 διὰ
1123 3339 1402 3421 παντός;

152 3452 226 3513 Χ
223 3451 302 3512 Ο.
383 3443 1301 3534 μελισσοτρόφουΣαλαμῖνος
1317 3431 1370 3508 ὦ
1385 3447 1664 3528 βασιλεῦ
1677 3447 1762 3510 Te
1770 3437 2161 3526 λαμῶν,στρ.

780 3563 885 3618 799
902 3560 1094 3617 -ε807
1118 3581 1202 3608 =
1220 3561 1329 3616 808
1349 3590 1419 3597 -“
1441 3561 1546 3615 819

1703 3633 1832 3695 24*
2403 3623 2465 3639 0³⁶
