2534 3917
1001 177 1054 232 Κ
1060 176 1291 234 ΥΚΛΩ
1306 179 1376 235 Ψ
2067 174 2187 238 173

177 355 324 416 ΟΛ.
406 347 520 415 καὶ
551 343 688 432 μὴν
714 346 976 432 ἐφέλκω
1005 347 1118 412 καὶ
1146 340 1383 434 ποτῆρ’
1415 342 1629 414 ἀσκοῦ
1658 348 1839 432 με’τα.

174 457 356 518 ΣΕΙ.
402 443 558 537 φέρ’
593 445 994 533 ἐγκάναξον,
1033 441 1124 526 ῶς
1156 443 1571 535 ἀναμνησθῶ
1600 447 1795 516 πιών.

177 561 324 620 ΟΛ.
409 548 582 618 ἰδού.
615 555 796 616 ΣΕΙ.
826 547 1153 633 παπαιάξ,
1189 545 1279 628 ῶς
1306 547 1519 636 καλὴν
1552 546 1769 638 ὀσμὴν
1804 557 1955 637 ἔχει.

175 661 324 722 ΟΔ.
413 651 584 731 εἶδες
611 648 740 739 γὰρ
770 646 1019 738 αὐτήν,
1065 657 1242 719 ΣΕΙ.
1287 647 1371 718 οὐ
1412 649 1503 738 μὰ
1534 647 1682 739 Δί’,
1718 647 1865 720 ἀλλ’
1899 648 2186 741 ὀσφραί-

633 751 638 756 ’
1099 780 1319 839 νομαι.

178 865 322 924 ΟΔ.
404 861 653 942 γεῦσαί
675 882 842 941 νυν,
875 850 965 933 ῶς
998 849 1084 922 άν
1117 853 1206 942 μὴ
1237 854 1419 947 λόγῳ
1448 851 1718 944 ’παινῇς
1745 855 1979 942 μόνον.
2088 873 2185 923 155

175 966 354 1026 ΣΕΙ.
401 963 638 1044 βαβαί·
675 962 991 1045 χορεῦσαι
1019 965 1395 1046 παρακαλεῖ
1415 953 1484 1043 μ’
1522 952 1557 1025 ὁ
1584 957 1887 1044 Βάκχιος.

419 1051 446 1080 ‘3'
495 1050 521 1081 ἵ
571 1051 599 1078 ῗ

404 1088 445 1127 α
479 1087 521 1127 α
557 1086 618 1126 α.

178 1169 321 1230 ΟΔ.
405 1168 552 1249 μῶν
581 1158 702 1229 τὸν
727 1159 1031 1249 λάρυγγα
1060 1159 1414 1241 διεκάναξέ
1439 1183 1562 1229 σου
1592 1167 1845 1241 καλῶς;

174 1271 352 1332 ΣΕΙ.
405 1259 565 1333 ὥστ’
599 1268 694 1342 εἰς
721 1258 970 1351 ἄκρους
998 1289 1076 1349 γε
1108 1258 1264 1342 τοὺς
1294 1257 1539 1348 ὄνυχας
1566 1257 1865 1347 ἀφίκετο.

179 1373 322 1433 ΟΛ.
403 1363 570 1454 πρὸς
601 1370 772 1455 τῷδε
801 1365 1028 1451 μέντοι
1057 1367 1170 1434 καὶ
1197 1363 1489 1450 νόμισμα
1520 1362 1846 1451 δώσομεν.
2086 1380 2185 1434 160

172 1474 351 1536 ΣΕΙ.
401 1467 568 1555 χάλα
601 1465 721 1535 τὸν
753 1462 965 1536 άσκόν
996 1467 1238 1553 μόνον·
1269 1473 1346 1535 ἔα
1375 1464 1449 1536 τὸ
1483 1473 1785 1556 χρυσίον.

177 1579 321 1638 ΟΔ.
401 1570 722 1659 ἐκφέρετέ
742 1596 875 1637 νυν
908 1564 1272 1658 τυρεύματ’
1307 1564 1351 1656 ἦ
1378 1567 1610 1657 μήλων
1643 1568 1863 1639 τόκον.

170 1679 351 1740 ΣΕΙ.
403 1671 628 1761 δράσω
659 1666 834 1757 τάδ’,
865 1667 1100 1756 ὀλίγον
1133 1678 1498 1760 φροντίσας
1524 1697 1603 1757 γε
1633 1675 1997 1742 δεσποτῶν.

403 1770 492 1854 ῶς
525 1776 784 1842 ἐκπιεῖν
819 1768 884 1857 γ’
921 1765 1006 1838 ἂν
1033 1772 1276 1841 κύλικα
1303 1779 1667 1859 μαινοίμην
1696 1778 1879 1859 μίαν,

400 1874 674 1944 πάντων
701 1871 1102 1942 Κυκλώπων
1131 1870 1447 1954 ἀντιδοὺς
1472 1872 1875 1962 βοσκήματα,
2086 1892 2185 1946 165

401 1980 600 2062 ῥίψας
625 1970 686 2043 τ’
721 1977 788 2054 ἐς
814 1971 1032 2062 ἅλμην
1075 1975 1387 2055 λισσάδος
1415 1977 1658 2064 πέτρας
1686 1973 1837 2063 ἄπο,

401 2075 570 2161 ἅπαξ
601 2079 980 2164 μεθυσθεὶς
1011 2074 1410 2166 καταβαλῶν
1439 2103 1511 2145 τε
1539 2073 1655 2157 τὰς
1683 2073 1921 2165 ὀφρῦς.

403 2177 492 2260 ῶς
516 2177 591 2261 ὅς
619 2206 696 2266 γε
723 2188 944 2249 πίνων
975 2177 1065 2266 μὴ
1092 2183 1345 2269 γέγηθε
1370 2186 1676 2266 μαίνεται
1694 2203 1707 2217 ·

402 2279 493 2350 ἵν’
529 2289 668 2352 ἔστι
692 2288 886 2352 τουτί
910 2277 970 2350 τ’
1005 2277 1222 2371 ὀρθὸν
1256 2279 1675 2368 ἐξανιστάναι

403 2391 656 2471 μαστοῦ
682 2411 752 2452 τε
780 2381 1074 2473 δραγμός
1103 2386 1216 2453 καὶ
1242 2386 1876 2473 παρεσκευασμένου
2084 2400 2182 2456 170

401 2492 654 2566 ψαῦσαι
683 2502 911 2573 χεροῖν
939 2494 1296 2575 λειμῶνας,
1327 2481 1654 2574 ὀρχηστύς
1685 2484 1760 2555 θ’
1794 2483 1927 2572 ἅμα

403 2592 632 2656 κακῶν
659 2614 730 2656 τε
758 2595 1002 2675 λῆστις.
1036 2584 1156 2656 εἶτ’
1193 2587 1325 2675 ἐγῶ
1360 2584 1483 2655 οὐκ
1509 2585 1855 2671 ῶνήσομαι

403 2688 666 2758 τοιόνδε
694 2696 922 2775 πῶμα,
954 2685 1078 2775 τὴν
1104 2687 1480 2769 Κύκλωπος
1508 2685 1810 2775 ἀμαθίαν

399 2798 658 2860 κλαίειν
683 2789 986 2861 κελεύων
1013 2793 1127 2860 καὶ
1153 2790 1274 2860 τὸν
1300 2787 1664 2881 ὀφθαλμὸν
1688 2793 1929 2878 μέσσας

167 2901 310 2962 ΧΟ.
395 2889 617 2983 ἄκου’,
639 2890 1006 2981 Ὀδυσσεῦ,
1037 2893 1543 2982 διαλαλήσωμέν
1571 2897 1643 2960 τί
1662 2912 1789 2963 σοι.
2083 2909 2178 2964 175

170 3004 318 3064 OA.
399 2998 513 3063 καὶ
540 2993 675 3083 μὴν
702 3003 890 3084 φίλοι
915 3023 994 3082 γε
1023 2999 1495 3086 προσφέρεσθε
1526 2991 1692 3084 πρὸς
1721 3003 1944 3083 φίλον.

167 3105 311 3167 ΧΟ.
395 3096 666 3184 ἐλάβετε
703 3104 951 3188 Τροίαν
981 3095 1104 3186 τὴν
1134 3094 1405 3188 Ἑλένην
1434 3128 1506 3169 τε
1532 3105 1829 3187 χειρίαν;

173 3207 315 3270 ΟΔ.
399 3201 513 3270 καὶ
545 3198 762 3269 πάντα
788 3195 855 3287 γ’
888 3198 1076 3269 οἶκον
1103 3207 1508 3292 Πριαμιδῶν
1535 3201 1926 3290 ε’πέρσαμεν.

173 3310 308 3371 ΧΟ.
392 3297 652 3371 οὔκουν
697 3300 926 3390 ἐπειδὴ
957 3300 1081 3390 τὴν
1107 3309 1341 3373 νεᾶνιν
1372 3309 1599 3388 εἵλετε,

397 3400 685 3483 ἅπαντες
713 3399 930 3492 αὐτὴν
957 3401 1413 3494 διεκροτήσατ’
1447 3410 1521 3475 ἐν
1548 3405 1755 3492 μέρει,
2084 3421 2180 3474 180

395 3509 550 3576 ἐπεί
573 3531 649 3590 γε
676 3513 944 3584 πολλοῖς
971 3501 1200 3592 ἥδεται
1229 3511 1653 3595 γαμουμένης
