2534 3917
309 168 352 230 8

313 451 447 513 ΠΡ.

765 169 1224 229 ΙΦΙΓΕΝΕΙΑ
1268 171 1333 226 Η
1376 171 1493 229 ΕΝ
1534 169 1849 228 ΑΥΛΙΔΙ

554 343 663 410 ἐπὶ
688 338 1090 410 Κυκλω’πων
1122 341 1242 419 ἱεὶς
1271 341 1592 428 θυμέλας.

549 450 730 513 ἔσται
756 440 936 511 τάδε.
964 448 1169 511 ΑΓΛ.
1189 442 1515 532 κλῄθρων
1543 437 1612 510 δ’
1646 441 1906 531 ἐξόρμα.

301 552 448 614 ΠΡ.
547 541 777 624 πιστὸς
806 543 882 614 δὲ
911 542 1173 633 φράσας
1201 544 1361 614 τάδε
1388 550 1529 623 πῶς
1556 550 1808 631 ἔσομαι,
1912 610 1915 617 .

551 650 738 737 λέγε,
769 648 961 716 παιδὶ
987 648 1196 716 σέθεν
1220 653 1303 737 τῇ
1330 654 1415 736 σῇ
1444 642 1505 714 τ’
1543 642 1792 737 άλόχω;

316 756 515 818 ΑΓΛ.
556 753 898 840 σφραγῖδα
925 744 1220 838 φύλασσ’
1253 744 1342 836 ἢν
1369 751 1478 818 ἐπὶ
1506 751 1715 841 δέλτςο

312 1678 452 1738 XO.

553 850 756 935 τήνδε
788 855 1090 937 κομίζεις.
1127 858 1251 920 ίθι.
1293 854 1630 918 λευκαίνει

553 952 710 1025 τοδε
740 960 886 1042 φῶς
912 948 1041 1042 ἤδη
1069 948 1408 1042 λάμπουσ’
1441 948 1576 1041 ἠως

552 1062 689 1149 πῦρ
718 1082 789 1124 τε
816 1063 1214 1145 τεθρίππων
1236 1062 1376 1125 τῶν
1407 1052 1667 1125 Ἀελίου
1688 1078 1702 1092 ·

552 1158 847 1247 σύλλαβε
872 1156 1171 1247 μόχθων.

552 1267 832 1349 θνητῶν
860 1258 928 1330 δ’
961 1258 1185 1348 ὄλβιος
1215 1268 1311 1341 είς
1338 1263 1523 1341 τέλος
1550 1257 1777 1342 οὐδεὶς

552 1358 707 1433 οὐδ’
743 1359 1119 1451 εὐδαίμων·

551 1460 740 1535 οὔπω
772 1463 899 1554 γὰρ
932 1471 1066 1553 ἔφυ
1094 1490 1192 1545 τις
1219 1462 1493 1546 ἄλυπος.

556 1676 797 1757 ἔμολον
825 1665 998 1758 ἀμφὶ
1029 1676 1404 1758 παρακτίαν

548 1770 873 1859 ψάμαθον
899 1768 1196 1851 Αὐλίδος
1225 1775 1511 1857 ἐναλίας,
1636 1840 1641 1845 ,

548 1870 861 1966 Εὐρίπου
890 1871 1004 1944 διὰ
1027 1872 1378 1961 χευμάτων

547 1981 835 2047 κέλσασα
888 1976 1434 2069 στενοπόρθμων,

541 2083 842 2149 Χαλκίδα
894 2078 1095 2146 πόλιν
1146 2078 1311 2164 ἐμὰν
1369 2076 1799 2169 προλιποῦσ’,

547 2178 886 2270 ἀγχιάλων
911 2176 1183 2250 ὑδάτων
1210 2176 1469 2268 τροφὸν

546 2290 661 2363 τᾶς
689 2289 954 2363 κλεινᾶς
976 2278 1406 2371 Ἀρεθούσας,

539 2381 822 2508 Ἀχαιων
851 2380 1168 2471 στρατιὰν
1196 2412 1286 2465 ως
1328 2393 1361 2428 *
1384 2390 1649 2506 ἰδοίμαν

549 2486 828 2574 άγαυων
854 2513 925 2554 τε
955 2483 1203 2568 πλάτας
1233 2484 1691 2607 ναυσιπόρους

559 2589 867 2679 ἡμιθέων,
883 2588 1004 2669 οὕς
1019 2590 1129 2659 ἐπὶ
1165 2596 1367 2678 Τροί-

547 2718 634 2759 αν
662 2688 922 2772 ἐλάταις
950 2700 1369 2780 χιλιόναυσιν

545 2789 664 2861 τὸν
691 2791 949 2874 ξανθὸν
973 2796 1335 2863 Μενέλαον

545 2890 850 2983 ἁμέτεροι
879 2892 1104 2977 πόσεις

543 2991 853 3066 ἑνέπουσ’
883 2990 1341 3087 Ἀγαμέμνονά
1367 2994 1430 3065 τ’
1464 2995 1877 3088 εὐπατρίδαν

544 3099 845 3169 στέλλειν
874 3101 983 3170 ἐπὶ
1009 3099 1134 3170 τὰν
1158 3099 1452 3188 Ἑλέναν,
1482 3098 1603 3171 ἄπ’

539 3195 826 3290 Εὐρώτα
854 3201 1363 3293 δονακοτρόφου

541 3301 758 3393 Πάρις
787 3296 823 3373 ὃ
854 3304 1183 3392 βουκόλος
1211 3300 1299 3373 ἂν
1327 3312 1545 3394 ἔλαβε,

543 3410 768 3492 δῶρον
794 3412 909 3485 τᾶς
929 3402 1346 3496 Ἀφροδίτας,

927 3528 1242 3582 164-184
1260 3546 1346 3575 τε
1382 3528 1691 3582 185—-205

2240 358 2339 407 152

2236 463 2335 521 149

2236 566 2259 617 1
2268 565 2340 619 53

2232 770 2339 821 155

2234 1177 2339 1232 160

2086 1670 2225 1764 στρ.

2229 1790 2332 1847 165

2223 2299 2328 2355 170

2226 2808 2322 2868 1⁶15

2224 3323 2330 3377 180
