2534 3917
1132 215 1414 275 ΡΗΣΟΣ
2146 214 2269 279 315

262 395 378 457 ΑΙ.
487 382 699 474 πέμφ’
732 381 820 466 ὥς
848 384 1118 472 τάχιστα
1137 406 1152 423 ·
1181 392 1316 455 νῦν
1342 384 1471 475 γὰρ
1501 381 1819 474 ἀσφαλῶς
1848 400 2142 475 φρονεῖς.

489 486 622 557 σὺν
648 489 755 556 σοὶ
782 482 850 555 δ’
885 482 987 574 ἔμ’
1021 482 1173 569 ὄψει
1202 484 1654 578 καρτεροῦνθ’
1693 489 1797 557 ὄσ’
1830 487 1919 557 ἂν
1949 489 2091 575 δέῃ.

260 598 401 659 ΕΚ.
482 596 582 670 τίς
608 595 775 676 δῆτα
813 588 1067 677 Τρώων
1097 596 1166 659 οἳ
1188 589 1503 679 πάρεισιν
1527 592 1603 658 ἐν
1632 588 1809 683 λόγῳ

487 694 678 761 θέλει
706 690 1037 779 κατόπτης
1062 696 1231 771 ναῦς
1257 688 1368 761 ἐπ’
1394 688 1716 782 Ἀργείων
1741 700 2013 780 μολεῖν;
2175 706 2274 759 150
2392 692 2397 697 ’

493 799 594 873 τίς
627 787 713 861 ἂν
739 794 1001 881 γένοιτο
1027 797 1229 880 τῆσδε
1255 800 1379 881 γῆς
1406 790 1793 884 εὐεργέτης;

491 901 592 974 τίς
619 915 859 982 φησιν;
895 890 1081 964 οῦτοι
1110 892 1296 964 πάντ’
1330 894 1461 984 ἐγώ
1491 894 1865 983 δυνήσομαι

492 995 684 1067 πόλει
711 996 987 1089 πατρῴᾳ
1013 995 1383 1085 συμμάχοις
1410 994 1489 1067 θ’
1521 993 1905 1087 ὑπηρετεῖν.

262 1106 410 1167 ΔΟ.
491 1096 622 1186 ἐγὼ
653 1095 783 1187 πρὸ
814 1105 1010 1185 γαίας
1042 1098 1240 1168 τόνδε
1265 1105 1595 1169 κίνδυνον
1624 1101 1807 1169 θέλω

493 1202 694 1287 ῥίψας
721 1198 1051 1287 κατόπτης
1082 1206 1249 1279 ναῦς
1277 1197 1386 1269 ἐπ’
1424 1197 1745 1288 Ἀργείων
1772 1208 2027 1288 μολεῖν,
2174 1215 2272 1268 155

493 1302 608 1370 καὶ
636 1296 832 1370 πάντ’
872 1297 1156 1389 Ἀχαιῶν
1183 1300 1504 1389 ἐκμαθὼν
1530 1301 1955 1389 βουλεύματα
2279 1304 2283 1309 ’

491 1400 658 1491 ἥξω·
694 1400 796 1471 ’πὶ
823 1402 1084 1483 τούτοις
1109 1400 1298 1472 τόνδ’
1330 1398 1703 1493 ὑφίσταμαι
1734 1404 1965 1473 πόνον.

261 1512 404 1574 ΕΚ.
487 1503 838 1594 ἐπώνυμος
863 1505 988 1592 μὲν
1015 1504 1224 1595 κάρτα
1253 1506 1368 1575 καὶ
1395 1503 1786 1594 φιλόπτολις

490 1608 734 1677 Δόλων
751 1629 766 1645 ·
796 1604 1046 1698 πατρὸς
1071 1608 1146 1676 δὲ
1171 1609 1287 1677 καὶ
1314 1608 1479 1696 πρὶν
1508 1604 1750 1679 εὐκλεᾶ
1779 1607 1989 1696 δόμον

493 1717 627 1779 νῦν
653 1710 758 1791 δὶς
784 1709 960 1802 τόσῳ
986 1710 1295 1789 τέθεικας
1325 1704 1814 1798 εὐκλεέστερον.
2176 1723 2275 1777 160

265 1818 412 1880 ΔΟ.
493 1810 753 1881 οῦκουν
779 1824 1015 1880 πονεῖν
1041 1809 1166 1899 μὲν
1193 1811 1353 1899 χρή,
1382 1817 1723 1881 πονοῦντα
1750 1807 1816 1880 δ’
1850 1808 2037 1892 ἄξιον

491 1910 742 2001 μισθὸν
761 1915 1123 2001 φέρεσθαις
1144 1913 1345 1983 παντὶ
1370 1911 1497 2003 γὰρ
1534 1918 1981 2002 προκείμενον

494 2018 730 2104 κέρδος
761 2012 930 2103 πρὸς
959 2021 1136 2109 ἔργω
1162 2012 1288 2102 τὴν
1311 2014 1509 2103 χάριν
1538 2021 1742 2084 τίκτει
1772 2019 2038 2100 διπλῆν.

266 2123 406 2185 ΕΚ.
488 2123 634 2203 ναί,
664 2118 778 2187 καὶ
806 2122 1034 2187 δίκαια
1059 2123 1266 2186 ταῦτα
1294 2112 1464 2188 κούκ
1494 2113 1708 2197 ἄλλως
1736 2117 1929 2203 λέγω.

493 2218 681 2300 τάξαι
711 2218 787 2288 δὲ
812 2218 1066 2308 μισθὸν
1092 2216 1268 2306 πλὴν
1305 2218 1463 2304 ἐμῆς
1491 2223 1913 2309 τυραννίδος.
2174 2230 2272 2285 165

268 2328 414 2388 ΔΟ.
495 2316 579 2390 οὐ
605 2328 724 2408 σῆς
751 2324 1008 2411 ε’ρῶμεν
1033 2321 1352 2407 πολιόχου
1380 2326 1797 2411 τυραννίδος.

265 2428 408 2491 ΕΚ.
491 2419 580 2492 σῦ
611 2419 680 2490 δ’
717 2418 884 2492 ἀλλὰ
919 2422 1132 2512 γήμας
1157 2428 1563 2510 Πριαμιδῶν
1589 2420 1889 2513 γαμβρὸς
1917 2426 2141 2509 γενοῦ.

266 2532 415 2592 ΔΟ.
496 2521 622 2594 οῦκ
650 2527 716 2606 ἐξ
745 2527 1038 2612 ἐμαυτοῦ
1066 2523 1391 2612 μειζόνων
1419 2541 1658 2613 γαμεῖν
1690 2527 1895 2595 θέλω.

265 2634 407 2696 ΕΚ.
488 2624 734 2718 χρυσὸς
761 2627 1114 2717 πάρεστιν,
1149 2633 1212 2694 εἰ
1234 2623 1380 2695 τόδ’
1414 2627 1666 2715 αἰτήσει
1695 2629 1915 2715 γέρας.

263 2736 415 2797 ΛΟ.
495 2724 642 2797 ἀλλ’
681 2725 820 2798 ἔστ’
852 2731 928 2798 έν
953 2737 1192 2808 οἴκοις·
1224 2724 1305 2796 οῦ
1336 2734 1493 2816 βίου
1520 2734 1940 2814 σπανίζομεν.
2177 2741 2277 2799 170

265 2837 408 2898 ΕΚ.
491 2836 562 2899 τί
583 2835 751 2918 δῆτα
780 2831 1036 2921 χρῄζεις
1064 2821 1162 2899 οἷν
1189 2830 1522 2899 κέκευθεν
1547 2827 1784 2912 Ἴλιος;

266 2940 416 3000 ΔΟ.
498 2930 672 3002 ἑλῶν
701 2928 1005 3021 Ἀχαιοῦς
1033 2932 1220 3024 δῶρά
1246 2960 1361 3020 μοι
1387 2935 1807 3015 ξυναίνεσον.

267 3041 408 3103 ΕΚ.
499 3031 698 3103 δώσω
716 3056 731 3073 ·
762 3033 850 3105 σὺ
877 3031 944 3104 δ’
975 3045 1146 3105 αἴτει
1172 3033 1349 3122 πλὴν
1375 3034 1824 3125 στρατηλάτας
1848 3040 2045 3103 νεῶν.

267 3144 416 3204 ΔΟ.
499 3132 738 3225 κτεῖν’,
770 3132 854 3208 οῦ
881 3133 944 3207 σ’
979 3135 1236 3208 ἀπαιτῶ
1263 3139 1589 3207 Μενέλεω
1621 3138 1901 3224 σχέσθαι
1934 3138 2113 3225 χέρα.

265 3246 409 3306 ΕΚ.
497 3236 581 3307 οῦ
615 3237 752 3327 μὴν
780 3238 900 3311 τὸν
940 3237 1152 3325 Ἰλέως
1180 3245 1389 3314 παῖδά
1450 3237 1523 3327 μ’
1558 3241 1803 3321 ἐξαιτεῖ
1827 3244 2095 3324 λαβεῖν;
2186 3251 2281 3306 175

269 3348 418 3410 ΔΟ.
499 3342 701 3410 κακαὶ
728 3356 1055 3433 γεωργεῖν
1081 3355 1297 3430 χεῖρες
1326 3328 1405 3410 εὖ
1431 3342 1910 3430 τεθραμμέναι.

269 3449 412 3513 ΕΚ.
503 3440 635 3512 τίν’
671 3434 800 3513 οῦν
822 3440 1106 3531 Ἀχαιῶν
1131 3439 1324 3527 ζῶντ’
1364 3437 1775 3511 ἀποινᾶσθαι
1801 3444 2058 3521 θέλεις;

272 3552 420 3615 ΔΟ.
501 3545 616 3614 καὶ
644 3545 950 3634 πρόσθεν
981 3543 1198 3615 εἷπον·
1231 3551 1370 3615 ἔστι
1398 3542 1645 3632 χρυσὸς
1671 3546 1747 3613 έν
1776 3541 2027 3633 δόμοις.
