2534 3917
331 178 456 243 336
1190 178 1470 235 ΡΗΣΟΣ

551 346 810 437 ’Ἐκτωρ
839 346 916 416 δὲ
941 343 1187 425 καύτὸς
1213 352 1569 436 συμφορᾶς
1596 350 2023 436 πεπυσμένος

563 464 796 539 χωρεῖ·
828 457 1156 536 συναλγεῖ
1178 444 1271 534 δ’,
1301 444 1390 527 ῶς
1418 454 1629 536 ἔοικε,
1658 464 1801 529 σοῖς
1827 466 2084 532 κακοῖς.

337 562 475 625 ΕΚ.
559 559 700 633 πῶς
727 556 796 621 οἱ
816 553 1092 639 μέγιστα
1117 545 1368 638 πήματ’
1406 552 1898 640 ἐξειργασμένοι

566 653 883 744 μολόντες
909 649 1080 740 ὑμᾶς
1107 658 1447 739 πολεμίων
1473 652 1879 722 κατάσκοποι

567 756 900 845 λήθουσιν
927 761 1244 843 αἰσχρῶς,
1276 754 1390 822 καὶ
1420 754 1805 843 κατεσφάγη
1835 756 2129 845 στρατός,
2256 776 2361 828 810

566 854 744 927 κοῦτ’
781 856 1106 937 εἰσιόντας
1133 852 1529 946 στρατόπεδ’
1562 856 1937 937 ἐξαπώσατε

568 955 713 1030 οὔτ’
746 958 1073 1041 ἐξιόντας;
1099 963 1317 1027 τῶνδε
1343 962 1445 1037 τίς
1472 958 1673 1027 δώσει
1703 965 1901 1045 δίκην

569 1058 744 1149 πλὴν
769 1066 929 1141 σοῦ;
959 1059 1033 1128 σε
1059 1057 1188 1148 γὰρ
1217 1057 1300 1146 δὴ
1333 1059 1604 1147 φύλακά
1631 1056 1799 1149 φημ’
1833 1058 2005 1129 εἶναι
2036 1071 2353 1150 στρατοῦ.

572 1168 864 1252 φροῦδοι
895 1158 960 1231 δ’
995 1157 1354 1249 ἄπληκτοι,
1383 1169 1462 1250 τῇ
1496 1168 1793 1252 Φρυγῶν
1819 1168 2203 1255 κακανδρίᾳ

571 1262 764 1337 πόλλ’
799 1268 1202 1353 ἐγγελῶντες
1227 1270 1320 1355 τῷ
1350 1264 1760 1355 στρατηλάτῃ
1787 1261 1847 1333 τ’
1880 1268 2049 1351 ἐμοί.
2252 1284 2353 1338 815

572 1359 652 1437 εὖ
679 1395 811 1437 νυν
837 1364 979 1436 τόδ’
1015 1376 1185 1453 ἴστε,
1218 1363 1391 1446 Ζεὺς
1418 1360 1795 1453 ὀμώμοσται
1821 1364 2058 1453 πατήρ,

572 1466 719 1556 ἤτοι
746 1464 1055 1556 μάραγνά
1081 1464 1146 1553 γ’
1178 1462 1222 1555 ἦ
1248 1465 1650 1557 καρανιστὴς
1675 1469 1879 1558 μόρος

567 1570 752 1657 μένει
781 1589 856 1637 σε
885 1572 1151 1655 δρῶντα
1178 1566 1419 1656 τοιάδ’,
1452 1564 1496 1658 ἦ
1522 1567 1640 1640 τὸν
1660 1567 1943 1659 Ἕκτορα

569 1668 644 1741 τὸ
672 1670 886 1758 μηδὲν
914 1668 1084 1739 εἶναι
1113 1672 1225 1739 καὶ
1251 1670 1464 1741 κακὸν
1491 1680 1809 1760 νομίζετε.

351 1781 484 1845 ΧΟ.
571 1771 650 1843 ἰῶ
682 1772 783 1859 ι’ω’,
2062 1771 2206 1843 ἀντ.
2250 1788 2355 1844 620

574 1878 718 1965 μέγ’
737 1875 1007 1965 ἄρ’ἐμοὶ
1025 1872 1182 1968 μέγ’,
1209 1868 1262 1944 οἳ
1290 1880 1607 1963 πολίοχον
1633 1877 1893 1968 κράτος,

577 1976 795 2049 κακὸν
862 1980 1106 2059 ἔμολεν
1126 2028 1146 2063 ,
1200 1975 1311 2048 ὅτε
1338 1998 1445 2047 σοι

475 2118 482 2122 ·
574 2075 854 2167 ἅγγελος
880 2068 1128 2165 ἦλθον,

576 2174 747 2261 ἀμφὶ
777 2183 943 2254 ναῦς
963 2172 1118 2259 πύρ’
1145 2185 1373 2244 αἴθειν
1398 2175 1743 2264 [Ἀργείων
1766 2178 2099 2265 στρατόν],

572 2284 717 2353 ἐπεὶ
744 2279 1095 2370 ἄγρυπνον
1124 2276 1281 2369 ὄμμ’
1316 2286 1391 2351 ἐν
1417 2279 1721 2373 εὐφρόνῃ
2249 2296 2351 2351 8·Ζὸ

575 2380 720 2452 οὔτ’
756 2377 1035 2469 ἐκοίμισ’
1069 2377 1214 2450 οὔτ’
1249 2378 1482 2473 ἔβριξ’,

575 2480 660 2553 οὐ
690 2481 807 2563 τὰς
833 2483 1321 2570 Σιμοεντιάδας
1347 2486 1592 2574 πηγάς·
1623 2486 1715 2574 μή
1740 2512 1854 2573 μοι

570 2584 800 2675 κότον,
832 2576 887 2654 οἷ
913 2582 1076 2672 ἄνα,
1107 2594 1268 2677 θῇς·
1303 2583 1597 2668 ἀναίτιος
1625 2586 1753 2676 γὰρ

569 2696 780 2778 ἔγωγε
806 2688 1098 2759 πάντων.

571 2787 659 2881 ἦν
685 2792 763 2862 δὲ
786 2792 1008 2883 χρόνῳ
1040 2791 1457 2881 παράκαιρον
1488 2797 1688 2880 ἔργον
1717 2785 1759 2877 ἦ
1787 2791 1987 2878 λόγον
2249 2805 2359 2860 830

573 2892 801 2982 πύθῃ,
833 2891 1001 2962 κατά
1030 2919 1114 2978 με
1141 2900 1263 2980 γᾶς

567 3001 782 3076 ζῶντα
808 2993 1180 3081 πόρευσον·
1212 2991 1296 3062 οὐ
1327 3001 1797 3084 παραιτοῦμαι.

349 3104 500 3165 HN.
567 3101 637 3163 τί
670 3091 883 3162 τοῖσδ’
918 3089 1209 3174 ἀπειλεῖς
1271 3094 1609 3187 βάρβαρός
1633 3124 1706 3165 τε
1734 3094 2083 3186 βαρβάρου

570 3194 846 3285 γνώμην
875 3191 1161 3283 ὑφαιρεῖ
1186 3192 1311 3282 τὴν
1339 3197 1535 3285 ἐμήν,
1566 3199 1834 3267 πλέκων
1862 3196 2138 3284 λόγους;

569 3297 656 3369 σύ
684 3295 873 3369 ταῦτ’
909 3302 1221 3388 ἔδρασας·
1254 3294 1486 3368 οὐδέν’
1520 3295 1607 3371 ἄν
1635 3303 1999 3387 δεξαίμεθα
2246 3312 2359 3368 835

575 3398 766 3484 [οὔθ’
798 3402 868 3466 οἱ
890 3402 1224 3477 παθόντες
1252 3400 1401 3465 οὔτ’
1434 3400 1520 3467 ἄν
1548 3404 1619 3466 οἱ
1640 3406 2071 3488 τετρωμένοι]

571 3497 777 3568 ἄλλον
794 3522 808 3538 ·
837 3507 1098 3589 μακροῦ
1127 3525 1204 3587 γε
1236 3504 1347 3567 δεῖ
1366 3520 1443 3569 σε
1467 3498 1580 3567 καὶ
1607 3508 1825 3587 σοφοῦ
1858 3499 2083 3588 λόγου,
