2534 3917
331 242 410 303 38
785 233 1243 295 ΙΦΙΓΕΝΕΙΑ
1288 230 1359 286 Η
1394 229 1513 285 ΕΝ
1555 222 1859 281 ΑΥΛΙΔΙ

561 404 864 497 αἴσχυν’·
897 401 934 476 ὃ
963 404 1092 495 γάρ
1121 429 1223 471 τοι
1259 397 1662 487 Τυνδάρεως
1689 419 1816 462 ουκ
1848 386 2029 472 ἄξιος

559 514 812 597 [κακως
853 510 1160 576 ἀκούειν·
1215 506 1292 571 ἐν
1333 503 1463 586 γὰρ
1488 500 1809 580 ’Ἑλλησιν
1853 492 2106 577 μέγας].

334 626 478 687 ΚΛ.
560 621 742 684 ἔσται
770 605 947 680 τάδ’.
979 604 1172 697 αρχε·
1208 608 1321 671 σοί
1346 626 1428 688 με
1461 593 1819 667 δουλεύειν
1845 589 2083 682 χρεών.

570 722 632 785 εἰ
657 712 721 783 δ’
759 714 887 783 εἰσὶ
913 714 1101 794 θεοί,
1134 711 1392 782 δίκαιος
1421 728 1518 769 ων
1549 694 1721 786 ἀνὴρ

573 822 840 887 ἐσθλῶν
863 810 1214 941 κυρήσεις·
1247 812 1312 875 εί
1335 804 1411 872 δε
1440 800 1565 891 μή,
1598 806 1668 868 τί
1690 804 1800 867 δεῖ
1824 812 2091 865 πονεῖν·
2076 848 2092 877 ,
2138 848 2141 852 -
2218 811 2367 865 1035

339 931 482 993 XO.
567 928 668 999 τίς
698 913 808 1007 ἄρ’
843 912 1160 1002 ὑμέναιος
1188 904 1301 977 διὰ
1329 910 1546 974 λωτοῦ
1572 908 1827 988 Λίβυος
2109 916 2253 988 στρ.

569 1020 732 1110 μετά
753 1045 825 1088 τε
855 1012 1219 1105 φιλοχόρου
1249 1007 1537 1095 κιθάρας

570 1130 915 1216 συρίγγων
945 1114 1019 1186 θ’
1052 1111 1186 1185 ὑπὸ
1213 1120 1585 1198 καλαμοεσ-

573 1236 700 1297 σᾶν
728 1232 1003 1295 ἔστασεν
1034 1216 1249 1305 ἰαχάν,
2260 1274 2263 1276 Α

577 1325 677 1397 ὅτ’
711 1323 840 1395 ἀνὰ
865 1322 1128 1413 Πήλιον
1157 1322 1232 1387 αἱ
1253 1310 1779 1399 καλλιπλόκαμοι
2223 1322 2367 1392 1040

574 1434 880 1517 Πιερίδες
916 1430 989 1493 ἐν
1026 1427 1197 1491 δαιτὶ
1227 1427 1411 1488 θεῶν

575 1528 1158 1621 χρυσεοσάνδαλον
1189 1531 1369 1608 ἴχνος

578 1638 652 1703 ἐν
679 1639 766 1723 γᾷ
793 1629 1162 1721 κρούουσαι

577 1736 854 1823 Πηλέως
884 1738 976 1812 είς
1007 1727 1222 1817 γάμον
1249 1715 1489 1813 ἦλθον,

580 1843 906 1929 μελωδοῐς
938 1835 1137 1903 Θέτιν
1167 1826 1452 1916 ἀχήμασι
1480 1823 1599 1894 τόν
1626 1818 1686 1890 τ’
1730 1824 2058 1889 Αἰακίδαν
2231 1834 2367 1889 1045

582 1936 994 2029 Κενταύρων
1025 1930 1120 2003 ἄν’
1156 1958 1310 2023 ορος
1340 1932 1652 1997 κλέουσαι

582 2040 892 2132 Πηλιάδα
921 2034 1084 2109 καθ’
1119 2032 1313 2103 υλαν.

583 2144 730 2215 ὅδὲ
757 2144 1229 2229 Δαρδανίδας,
1261 2130 1430 2211 Διὸς

583 2250 879 2334 λέκτρων
908 2240 1226 2332 τρύφημα
1256 2241 1479 2321 φίλον,
2228 2243 2367 2297 1050

589 2350 969 2439 χρυσέοισιν
1001 2340 1266 2428 άφυσσε
1299 2333 1534 2422 λοιβὰν

591 2454 664 2519 ἐν
691 2445 1046 2539 κρατήρων
1073 2440 1368 2531 γυάλοις,

587 2550 621 2621 ὁ
652 2548 950 2641 Φρύγιος
977 2542 1401 2633 Γανυμήδης.

585 2653 765 2745 παρὰ
793 2652 869 2723 δὲ
897 2654 1239 2736 λευκοφαῆ
1267 2641 1587 2730 ψάμαθον

590 2757 1037 2845 εἱλισσόμεναι
1065 2750 1309 2820 κύκλια
2230 2756 2363 2809 1055

587 2860 998 2947 πεντήκοντα
1025 2852 1222 2941 κόραι
1247 2850 1530 2936 Νηρέως

591 2961 845 3049 γάμους
873 2956 1257 3046 ἐχόρευσαν.

590 3060 720 3132 ἀνὰ
748 3059 813 3131 δ’
846 3059 1136 3129 ἐλάταισι
1165 3052 1581 3143 στεφανώδει
1611 3080 1681 3120 τε
1708 3050 1871 3142 χλόᾳ
2124 3042 2270 3117 άντ.

589 3172 830 3244 θίασος
860 3169 1096 3250 ἔμολεν
1138 3154 1501 3244 ἱπποβάτας

590 3266 1003 3356 Κενταύρων
1031 3264 1140 3333 ἐπὶ
1167 3266 1360 3331 δαῖτα
1388 3257 1511 3327 τάν
2241 3270 2375 3325 1060

587 3376 774 3438 θεῶν
803 3364 1100 3456 κρατῆρά
1129 3392 1201 3433 τε
1227 3362 1511 3449 Βάκχου.

591 3474 758 3558 μέγα
787 3466 851 3539 δ’
885 3466 1275 3556 ἀνέκλαγον·
1319 3456 1372 3533 ὦ
1398 3464 1627 3555 Νηρηὶ
1655 3462 1843 3552 κόρα,

916 3591 1052 3647 1036
1071 3620 1144 3629 -
1163 3590 1295 3648 1057
1322 3608 1407 3635 2³-
1441 3588 1573 3643 1058
1590 3613 1668 3623 -·-
1684 3584 1819 3641 1079
