2534 3917
2114 156 2233 222 247

298 337 673 418 πασθείσης
720 328 1023 397 κελεύσει
1078 326 1279 415 Διός,
1325 323 1683 417 Ἑρμιόνην
1733 330 1808 399 δὲ
1852 330 2239 419 συλλαμβά-

296 454 541 503 νουσιν
595 436 668 502 ἐκ
724 437 846 500 τοῦ
899 437 1015 517 τῆς
1059 431 1657 521 Κλυταιμνήστρας
1711 431 1931 520 τάφου
1986 432 2237 520 ἐπανή-

299 557 585 606 κουσαν·
631 532 868 623 πρώην
908 531 1037 621 γὰρ
1065 527 1281 620 αὐτὴν
1301 528 1528 621 Ἑλένη
1559 534 1895 622 πεπόμφει
1925 543 2005 625 τῇ
2037 533 2237 604 ἀδελ-

302 641 396 725 φῇ
451 635 828 705 θύσουσαν.
903 634 1218 723 λαβόντες
1273 634 1349 703 δὲ
1380 631 1737 724 Ἑρμιόνην
1786 639 1898 705 καὶ
1949 643 2236 706 ἔνδοθεν

299 739 416 819 τὰς
459 746 596 807 τῶν
634 744 998 827 βασιλείων
1030 731 1521 824 ἆσφαλίσαντες
1546 744 1797 825 πύλας,
1828 736 2134 827 ἀνῆλθον
2163 741 2236 808 έν
2262 756 2294 808 5

298 840 612 932 μετεώρῳ
639 846 776 909 τῶν
795 845 1178 927 βασιλείων,
1209 842 1471 925 ἔχοντές
1497 867 1568 909 τε
1596 839 1720 930 τὴν
1740 838 2094 930 Ἑρμιόνην
2122 842 2237 910 καὶ

298 947 493 1031 ξίφος
547 940 714 1032 πρὸς
751 949 832 1031 τῇ
876 943 1040 1032 δέρῃ
1077 936 1284 1029 αὐτῆς
1332 944 1445 1011 καὶ
1500 944 1851 1030 μέλλοντες
1907 941 2070 1032 μετὰ
2112 941 2235 1030 τὴν

299 1044 545 1132 ταύτης
572 1049 1005 1132 διαχείρισιν,
1039 1037 1124 1112 ἂν
1150 1041 1240 1131 μὴ
1269 1052 1445 1132 σφᾶς
1472 1048 1833 1126 Μενέλεώς
1865 1045 2081 1136 σώσῃ,
2123 1046 2237 1113 καὶ

298 1147 456 1227 τοὺς
488 1145 737 1234 δόμους
777 1142 1081 1235 ὑφάψειν
1122 1151 1310 1234 πυρί.
1370 1150 1731 1228 Μενέλεως
1759 1148 1883 1235 μὲν
1911 1145 2044 1217 ὑπὸ
2076 1147 2236 1216 τού-

298 1278 437 1320 των
453 1246 727 1338 Ἑλένην
753 1247 1078 1318 τεθνάναι
1105 1245 1372 1336 μαθών,
1389 1252 1501 1317 ἵνα
1527 1243 1656 1317 κᾶν
1669 1250 1853 1339 σώσῃ
1881 1249 2003 1338 τὴν
2031 1255 2237 1319 παῖδα
2250 1274 2317 1326 10

297 1352 559 1439 ἐλθών,
614 1350 856 1441 ἤρξατο
898 1361 1186 1439 πορθεῖν
1228 1349 1309 1419 τὰ
1352 1358 1689 1439 βασίλεια·
1756 1353 2105 1439 ἐπιφανεὶς
2160 1351 2235 1422 δὲ

291 1452 634 1524 Ἀπόλλων
663 1453 971 1542 διήλλαξε
999 1452 1311 1542 τούτους,
1332 1449 1604 1542 Ἑλένην
1631 1454 1755 1542 μὲν
1776 1460 1870 1535 εἰς
1898 1450 2235 1545 οὐρανοὺς

301 1557 516 1646 φήσας
547 1563 951 1644 διακομίσαι,
970 1557 1340 1626 Μενέλεων
1368 1556 1443 1626 δὲ
1474 1558 1707 1646 ἑτέραν
1736 1565 1969 1646 λαβεῖν
1995 1557 2233 1626 κελεύ-

299 1683 418 1739 σας
445 1675 768 1747 γυναῖκα,
804 1656 1076 1749 Ὀρέστῃ
1107 1660 1184 1728 δὲ
1212 1656 1567 1747 Ἑρμιόνην
1596 1659 1893 1742 συνάψαι
1919 1658 2083 1748 μετὰ
2110 1657 2232 1746 τὴν

298 1769 420 1832 τοῦ
462 1760 680 1850 φόνου
709 1760 1045 1850 κάθαρσιν
1064 1783 1079 1798 ·
1121 1753 1201 1848 ἦς
1229 1758 1597 1850 Ἀθήνησιν
1640 1769 1830 1854 ἔτυχε
1858 1761 2025 1850 μετὰ
2057 1758 2231 1851 Ἐρι-
2247 1789 2313 1840 15

296 1863 485 1934 νύων
528 1870 620 1944 εἰς
655 1860 926 1954 Ἀρειον
968 1862 1183 1951 πάγον
1223 1871 1522 1953 κριθείς,
1564 1858 1675 1934 ὅτε
1715 1866 1830 1933 καὶ
1869 1870 2232 1934 καταδικα-

295 1972 550 2054 σθῆναι
597 1968 923 2054 μέλλοντα
963 1963 1098 2035 ὑπὸ
1142 1965 1415 2036 πάντων
1466 1973 1656 2035 θεῶν
1702 1963 1959 2054 Ἀθηνᾶ
2000 1973 2255 2053 ψῆφον

297 2075 599 2158 βαλοῦσα
644 2076 916 2156 νικῆσαι
955 2075 1200 2138 τοῦτον
1228 2071 1519 2157 ἐποίησε.
1550 2069 1665 2138 καὶ
1694 2065 1905 2150 οὕτως
1926 2066 2232 2157 Ὀρέστης

295 2167 584 2261 ὕστερον
628 2168 985 2261 Ἑρμιόνην
1047 2187 1338 2260 γυναῖκα
1382 2171 1705 2262 λαμβάνει
1762 2170 1929 2241 κατὰ
1980 2167 2053 2239 τὸ
2111 2176 2229 2238 τοῦ

289 2269 705 2354 ’Λπόλλωνος
730 2275 1072 2362 θέσπισμα
1097 2275 1210 2344 καὶ
1231 2271 1524 2363 ’Ἄργους
1552 2288 1811 2365 κρατεῖ,
1840 2271 2127 2361 Πυλάδῃ
2158 2271 2231 2340 δὲ
2248 2290 2313 2342 20

290 2371 651 2465 Ἠλέκτραν
680 2381 917 2446 δίδωσι
945 2375 1068 2463 τὴν
1097 2378 1211 2446 καὶ
1238 2378 1570 2467 πρότερον
1596 2372 1715 2446 ὑπ’
1747 2373 1959 2448 αὐτοῦ
1990 2401 2231 2462 κατεγ-

296 2487 674 2566 γυηθεῑσαν
714 2476 952 2570 τούτῳ.
985 2482 1203 2549 ἰστέον
1243 2480 1320 2549 δὲ
1350 2476 1451 2548 ὅτι
1480 2487 1659 2551 πᾶσα
1689 2484 2032 2572 τραγῳδία
2059 2477 2230 2565 σύμ-

299 2607 535 2666 φωνον
576 2587 709 2667 ἔχει
753 2583 869 2651 καὶ
906 2579 981 2650 τὸ
1022 2583 1237 2661 τέλος·
1283 2585 1354 2650 ἐκ
1384 2579 1597 2670 λύπης
1637 2580 1764 2671 γὰρ
1806 2581 2075 2672 ἄρχεται
2117 2581 2229 2648 καὶ

299 2687 393 2762 εἰς
408 2681 629 2771 λύπην
655 2691 961 2774 τελευτᾷ·
993 2681 1069 2755 τὸ
1098 2679 1318 2772 παρὸν
1346 2684 1421 2753 δὲ
1442 2683 1661 2772 δρᾶμά
1689 2687 1869 2753 ἐστιν
1897 2687 1970 2753 ἐκ
1998 2710 2231 2772 τραγι-

296 2791 424 2853 κοῦ
444 2786 771 2872 κωμικόν·
803 2786 993 2874 λήγει
1021 2782 1151 2874 γὰρ
1183 2792 1278 2865 εἰς
1294 2784 1409 2866 τὰς
1423 2781 1571 2876 παρ’
1596 2781 2011 2866 Ἀπόλλωνος
2039 2790 2309 2854 duaa-25

296 2885 502 2974 λαγᾶς
543 2891 616 2956 ἐκ
651 2895 1022 2978 συμφορῶν
1053 2895 1147 2968 εἰς
1190 2884 1535 2976 εὐθυμίαν
1577 2886 2013 2977 κατηντηκός·
2070 2883 2111 2975 ἡ
2154 2886 2229 2954 δὲ

293 2994 614 3080 κωμῳδία
643 2992 889 3079 γέλωσι
921 2992 1035 3060 καὶ
1065 2986 1520 3082 εὐφροσύναις
1548 2991 1940 3081 ἐνύφανται.

1040 3330 1451 3340 -——---·
