2534 3917
821 615 1518 684 ΥΠΟΘΕΣΙΣ.

356 877 698 992 Ἐτεοκλῆς
730 869 1135 959 παραλαβών
1177 869 1304 957 τὴν
1335 876 1473 938 τῶν
1497 875 1744 956 Θηβῶν
1771 878 2116 959 βασιλείαν

182 977 550 1062 ἀποστερεῖ
574 977 698 1040 τοῦ
732 972 977 1057 μέρους
1012 967 1134 1038 τὸν
1170 964 1470 1054 ἀδελφὸν
1492 974 1950 1085 Πολυνείκην·
1976 993 2115 1053 φυ-

183 1072 315 1161 γὰς
357 1076 432 1140 δὲ
476 1074 567 1150 εἰς
596 1065 840 1155 ’Ἁργος
880 1068 1131 1145 ἐκεῖνος
1174 1063 1719 1152 παραγενόμενος
1751 1069 1952 1151 ἔγημε
1990 1064 2112 1148 τὴν

182 1173 533 1257 θυγατέρα
566 1172 689 1236 τοῦ
713 1164 1032 1251 βασιλέως
1056 1162 1460 1251 Ἀδράστου,
1501 1171 1856 1232 κατελθεῖν
1877 1167 1971 1242 εἰς
1992 1159 2116 1246 τὴν

186 1272 477 1351 πατρίδα
517 1263 1091 1352 φιλοτιμούμενος.
1156 1263 1265 1331 καὶ
1308 1266 1539 1341 πείσας
1585 1261 1705 1329 τὸν
1749 1259 2161 1346 πενθερόν,5

184 1364 645 1449 συνήθροισεν
688 1358 1051 1446 ἀξιόχρεων
1088 1356 1377 1447 στρατὸν
1413 1358 1519 1425 ἐπὶ
1542 1357 1770 1445 Θήβας
1792 1357 1958 1424 κατὰ
1987 1362 2108 1424 τοῦ

185 1461 514 1548 ἀδελφοῦ.
540 1457 583 1545 ἡ
607 1461 681 1527 δὲ
705 1459 917 1545 μήτηρ
935 1457 1226 1544 Ἰοκάστη
1250 1461 1515 1525 ἔπεισεν
1531 1455 1743 1524 αὐτὸν
1762 1452 2114 1523 ὑπόσπον-

185 1564 313 1625 δον
337 1562 664 1626 εἰσελθεῖν
696 1559 789 1634 εἰς
807 1552 932 1640 τὴν
961 1553 1176 1623 πόλιν
1182 1556 1293 1621 καὶ
1317 1558 1754 1640 διαλεχθῆναι
1775 1551 2112 1639 πρότερον

188 1654 361 1741 πρὸς
382 1652 505 1722 τὸν
528 1651 831 1737 ἀδελφὸν
852 1653 1004 1733 περὶ
1030 1657 1146 1736 τῆς
1167 1647 1404 1737 ἀρχῆς·
1429 1647 2112 1738 δεινοπροσωπήσαν-

189 1776 301 1829 τος
323 1753 396 1818 δὲ
428 1748 561 1819 ὑπὸ
597 1756 712 1836 τῆς
745 1752 1148 1833 τυραννίδος
1179 1753 1303 1814 τοῦ
1329 1745 1807 1826 Ἐτεοκλέους’
1770 1773 1813 1832 η
1839 1749 1962 1833 μὲν
1988 1743 2111 1814 Ἰο-
2131 1762 2200 1814 10

189 1848 398 1933 κάστη
434 1859 842 1932 συναγαγεῖν
871 1843 951 1912 τὰ
986 1849 1185 1913 τέκνα
1221 1850 1315 1924 εἰς
1351 1851 1583 1930 φιλίαν
1619 1842 1746 1912 οὐκ
1777 1843 2076 1931 ἠδύνατο
2095 1872 2108 1886 ·

191 1947 609 2030 Πολυνείκης
632 1946 707 2012 δὲ
741 1941 833 2022 ὥς
854 1941 1021 2030 πρὸς
1043 1946 1365 2028 πολέμιον
1389 1943 1632 2011 λοιπὸν
1654 1939 2113 2030 παραταξόμε-

195 2066 310 2120 νος
332 2038 711 2128 ἀνεχώρησε
732 2047 849 2126 τῆς
886 2041 1158 2120 πόλεως.
1208 2045 1444 2126 ἔχρησε
1469 2041 1541 2107 δὲ
1563 2038 1600 2107 ὁ
1641 2045 1982 2127 Τειρεσίας
2006 2045 2113 2106 νί-

190 2166 316 2225 κην
338 2143 614 2207 ἔσεσθαι
637 2151 777 2216 τοῖς
811 2143 1159 2224 Θηβαίοις,
1206 2136 1326 2204 ἐὰν
1355 2134 1400 2205 ὁ
1429 2150 1581 2217 παῖς
1603 2140 1937 2223 Κρέοντος
1960 2143 2111 2203 Με-

192 2235 459 2315 νοικεὺς
492 2235 785 2321 σφάγιον
802 2232 991 2321 ’Ἀρει
1025 2238 1314 2320 γένηται.
1352 2231 1389 2302 ὁ
1421 2233 1546 2320 μὲν
1570 2225 1697 2302 οὖν
1717 2234 1954 2320 Κρέων
1983 2230 2111 2320 ήρ-
2129 2251 2196 2302 15

191 2336 435 2420 νήσατο
460 2337 810 2401 ἐπιδοῦναι
833 2338 915 2420 τῇ
935 2334 1124 2401 πόλει
1146 2331 1268 2400 τὸν
1292 2336 1527 2401 παῖδα·
1579 2330 1616 2399 6
1652 2332 1728 2400 δὲ
1761 2336 2112 2410 νεανίσκος

193 2431 505 2517 ἐβούλετο
540 2432 651 2499 καὶ
682 2437 808 2497 τοῦ
838 2430 1088 2516 πατρὸς
1109 2431 1290 2520 αὐτῷ
1313 2431 1546 2518 φυγὴν
1569 2430 1733 2518 μετὰ
1755 2433 2112 2518 χρημάτων

193 2529 494 2608 διδόντος
526 2526 767 2595 ἑαυτὸν
786 2529 1185 2614 ἀποσφάξαι.
1215 2530 1327 2597 καὶ
1361 2529 1445 2615 δὴ
1479 2531 1592 2598 καὶ
1634 2533 1892 2618 ἔπραξε.
1969 2537 2111 2615 Θη-

192 2633 367 2710 βαῖοι
398 2625 471 2692 δὲ
494 2624 654 2706 τοῦς
682 2621 1014 2711 ἡγεμόνας
1036 2630 1173 2691 τῶν
1192 2625 1512 2711 Ἀργείων
1532 2630 1851 2712 ἔσφαξαν.
1893 2624 2110 2694 Ἐτεο-

192 2728 349 2806 κλῆς
379 2724 451 2790 δὲ
487 2725 597 2790 καὶ
629 2727 1046 2807 Πολυνείκης
1077 2724 1660 2808 μονομαχήσαντες
1689 2722 1959 2791 ἀνεῖλον
1983 2721 2106 2792 ἀλ·-
2125 2740 2199 2792 20

194 2819 451 2903 λήλους.
475 2815 517 2905 ἡ
540 2819 664 2906 μὲν
687 2812 817 2886 οὖν
836 2819 1049 2907 μήτηρ
1072 2817 1306 2888 αὐτῶν
1329 2817 1625 2907 εὑροῦσα
1650 2819 1937 2908 νεκροὺς
1951 2819 2111 2900 τοὺς

194 2914 379 2995 υἱοὺς
420 2921 707 3003 ἔσφαξεν
741 2916 1017 3003 ἑαυτήν·
1065 2915 1101 2984 6
1138 2916 1211 2986 δὲ
1244 2918 1489 3004 ταύτης
1533 2916 1832 3005 ἀδελφὸς
1868 2921 2107 3006 Κρέων

192 3018 516 3102 παρέλαβε
546 3014 671 3100 τὴν
706 3020 1068 3102 βασιλείαν.
1118 3019 1189 3084 οἰ
1209 3018 1284 3084 δὲ
1308 3014 1592 3105 Ἀργεῖοι
1616 3022 2008 3103 νικηθέντες
2030 3024 2112 3105 τῇ

190 3112 356 3198 μάχῃ
394 3114 846 3198 ἀνεχώρησαν.
918 3117 1158 3199 Κρέων
1193 3112 1268 3182 δὲ
1310 3118 1652 3202 δυσχερῶς
1691 3120 1920 3203 φέρων
1949 3113 2111 3193 τούς

189 3209 308 3290 μὲν
332 3205 466 3277 ὑπὸ
491 3215 572 3296 τῇ
583 3214 883 3298 Καδμείᾳ
904 3216 1043 3277 τῶν
1063 3217 1405 3298 πολεμίων
1425 3212 1753 3292 πεσόντας
1775 3211 1903 3280 οὐκ
1936 3215 2106 3279 ἔδω·
2123 3227 2193 3278 25

190 3330 303 3371 κεν
349 3311 441 3384 εἰς
482 3306 736 3393 ταφήν,
790 3313 1217 3394 Πολυνείκην
1261 3313 1335 3377 δὲ
1387 3307 1762 3394 ἀκήδευτον
1805 3314 2104 3395 ἔρριψεν,

195 3405 521 3469 Οἰδίπουν
546 3405 618 3470 δὲ
644 3404 917 3489 φυγάδα
943 3410 1060 3491 τῆς
1082 3405 1391 3495 πατρῴας
1413 3405 1832 3493 ἀπέπεμψεν,
1878 3404 1978 3492 ἐφ’
2008 3396 2108 3473 ὦν
