2534 3917
191 0 473 103 {wlfr
488 30 498 40 .
535 0 544 8 ”

349 135 366 142 “
1075 167 1240 230 152N
2073 159 2196 226 115

414 339 1009 428 καταλαμπόμεναι
1040 336 1166 426 τὴν
1198 332 1490 427 ἡμερίαν

421 443 629 526 ἁψῖδα
664 450 963 532 βροτοῖσι
991 442 1318 528 δέχονται.

421 546 722 636 σμύρνης
758 539 826 614 δ’
865 538 1172 633 ἀνύδρου
1198 537 1455 622 καπνὸς
1491 544 1586 620 είς
1621 532 1923 627 ὀρόφους

423 656 686 737 Φοίβου
722 647 1009 716 πέτεται.
2131 653 2202 710 90

421 751 667 822 θάσσει
695 748 773 818 δὲ
800 744 979 840 γυνή
1014 750 1305 835 τρίποδα
1340 744 1591 828 ζάθεον

310 871 317 874 “
421 859 718 942 Δελφίς,
749 844 1051 920 ἀείδουσ’
1078 843 1353 934 Ἕλλησι
1380 843 1564 934 βοάς,

427 953 503 1037 ἃς
534 950 619 1023 ἀν
645 950 995 1022 Ἀπόλλων
1026 948 1386 1038 κελαδήσῃ.

428 1053 572 1126 ἀλλ’
619 1045 674 1124 ω’
704 1060 963 1141 Φοίβου
995 1051 1264 1140 Δελφοὶ
1296 1052 1612 1139 θέραπες,

427 1158 540 1238 τὰς
566 1163 945 1238 Κασταλίας
972 1151 1441 1244 ἀργυροειδεῖς
2135 1163 2202 1218 95

424 1267 695 1352 βαίνετε
730 1263 958 1345 δίνας,
992 1265 1328 1347 καθαραῖς
1362 1253 1438 1323 δὲ
1468 1249 1736 1340 δρόσοις

428 1365 965 1450 φαιδρυνάμενοι
1016 1363 1308 1445 στείχετε
1339 1353 1581 1436 ναούς·

430 1461 636 1551 στόμα
669 1459 733 1532 τ’
771 1457 1084 1552 εὔφημον
1118 1454 1469 1549 φρουρεῖτ’
1508 1452 1798 1546 ἀγαθόν,

431 1566 655 1655 φήμας
686 1561 751 1634 τ’
790 1559 1056 1653 ἀγαθὰς

431 1684 565 1747 τοῖς
598 1669 959 1737 ἐθέλουσιν
991 1661 1448 1754 μαντεύεσθαι
2107 1673 2206 1725 100

431 1767 731 1857 γλώσσης
762 1775 937 1847 ἰδίας
966 1763 1395 1855 ἀποφαίνειν.

432 1869 619 1960 ἡμεῖς
648 1871 727 1940 δὲ
759 1870 1011 1950 πόνους
1039 1863 1160 1947 οὓς
1194 1869 1269 1936 ἐκ
1305 1862 1546 1944 παιδὸς

437 1981 828 2064 μοχθοῦμεν
857 1969 997 2058 ἀεί,
1029 1966 1392 2057 πτόρθοισι
1420 1964 1685 2053 δάφνης

436 2079 753 2165 στέφεσίν
776 2070 854 2144 θ’
894 2080 1098 2164 ίεροῖς
1130 2068 1409 2152 ἐσόδους
1441 2073 1700 2154 Φοίβου

436 2180 741 2267 καθαρὰς
764 2173 1070 2267 θήσομεν
1103 2168 1346 2263 ὑγραῖς
1377 2198 1447 2240 τε
1473 2170 1683 2240 πέδον
2111 2180 2208 2232 105
2251 2247 2276 2254 .-

440 2284 708 2370 ρανίσιν
732 2276 1046 2369 νοτερόν,
1080 2283 1354 2362 πτηνῶν
1387 2269 1450 2340 τ’
1490 2268 1750 2360 ἀγέλας,
2164 2279 2196 2302 ”“

437 2391 513 2453 αἳ
539 2381 953 2471 βλάπτουσιν
979 2372 1169 2466 σέμν’
1206 2372 1626 2464 ἀναθήματα,

439 2484 729 2568 τόξοισιν
758 2487 939 2572 ἐμοῖς
971 2477 1283 2569 φυγάδας
1317 2477 1622 2565 θήσομεν
1641 2497 1656 2511 ·

442 2583 530 2668 ὥς
557 2584 687 2676 γὰρ
724 2581 994 2674 ἀμήτωρ
1023 2576 1297 2669 ἀπάτωρ
1324 2606 1394 2648 τε
1420 2574 1634 2665 γεγώς

440 2687 595 2770 τοὺς
628 2688 1016 2779 θρέψαντας
1122 2716 1213 2752 ..εε-
1232 2685 1254 2721 ·’
2114 2687 2214 2741 110

443 2799 706 2880 Φοίβου
734 2785 944 2868 ναούς
971 2781 1358 2874 θεραπεύω.

441 2890 549 2980 ἄγ’
588 2884 644 2962 ὦ
671 2889 1000 2980 νεηθαλὲς
1028 2877 1083 2956 οἶ
1933 2894 2075 2967 στρ.

438 3003 793 3074 καλλίστας
820 2988 1255 3083 προπόλευμα
1285 2984 1570 3074 δάφνας,

447 3093 488 3164 ἃ
520 3094 647 3166 τὰν
677 3102 935 3184 Φοίβου
965 3093 1275 3182 θυμέλαν

446 3205 699 3290 σαίρεις
730 3193 865 3268 ὑπὸ
900 3206 1091 3278 ναοῖς
1815 3214 1824 3218 ·
2123 3197 2221 3251 115

447 3301 686 3390 κήπων
714 3301 781 3382 ἐξ
808 3295 1195 3383 ἀθανάτων,

448 3407 557 3473 ἵνα
592 3406 827 3491 δρόσοι
858 3393 1169 3488 τέγγουσ’
1210 3395 1383 3484 ἱεραὶ

836 3509 1592 3572 112—127=128—-·143
1726 3579 1812 3640 8*
1889 3538 1896 3540 -
