2534 3917
1090 149 1473 208 ΟΡΕΣΤΗΣ
2162 151 2287 212 249

507 317 939 408 Χρυσόθεμις
966 315 1323 405 Ἰφιγένειά
1348 315 1409 387 τ’
1442 317 1765 409 Ἠλέκτρα
1791 318 1854 390 τ’
1889 321 2040 410 ἐγώ,

506 419 720 544 αρσην
739 419 807 488 δ’
839 418 1180 510 Ὀρέστης,
1215 419 1461 511 μητρὸς
1491 419 1957 511 ἀνοσιωτάτης,

509 520 553 611 ἢ
583 523 784 592 πόσιν
815 520 1071 648 ἀπείρῳ
1101 521 1535 614 περιβαλοῦσ’
1570 520 1914 612 ὑφάσματι
2223 546 2289 600 25

510 633 836 694 ἔκτεινεν·
871 653 968 693 ων
1001 621 1068 693 δ’
1103 627 1320 713 ἕκατι,
1353 629 1676 718 παρθένω
1704 631 1926 714 λέγειν

511 725 594 796 οὐ
623 726 862 797 καλόν·
895 731 982 796 ἐῶ
1011 725 1196 796 τοῦτ’
1231 726 1484 816 ἀσαφὲς
1513 732 1589 798 έν
1616 737 1819 822 κοινῷ
1850 749 2148 802 σκοπεῖν.

511 836 770 918 Φοίβου
800 826 864 898 δ’
898 826 1172 900 ἀδικίαν
1198 831 1323 918 μὲν
1354 839 1426 899 τί
1449 836 1559 900 δεῖ
1581 849 2013 922 κατηγορεῖν;

509 939 737 1001 πείθει
765 928 831 998 δ’
859 929 1174 1021 Ὀρέστην
1197 931 1431 1023 μητέρ’
1463 929 1507 1020 ἤ
1536 931 1655 1021 σφ’
1688 938 1987 1022 ἐγείνατο

512 1049 798 1120 κτεῖναι,
827 1031 995 1124 πρὸς
1031 1031 1153 1121 οὐχ
1183 1031 1481 1115 ἅπαντας
1512 1033 1824 1106 εὔκλειαν
1854 1041 2085 1127 φέρον.
2223 1055 2293 1110 30

513 1132 692 1224 ὅμως
721 1133 786 1204 δ’
828 1133 1165 1206 ἀπέκτειν’
1201 1134 1329 1205 οὐκ
1358 1133 1732 1225 ἀπειθήσας
1757 1147 1903 1232 θεῷ
1922 1163 1936 1176 ·

513 1235 695 1325 κᾶγώ
723 1241 1076 1326 μετέσχον,
1107 1232 1214 1306 οἷα
1244 1236 1329 1326 δὴ
1356 1238 1564 1326 γυνή,
1596 1239 1815 1326 φόνου

509 1339 832 1427 Πυλάδης
861 1337 936 1410 θ’
971 1336 1046 1421 ὃς
1073 1337 1234 1428 ἡμῖν
1262 1349 1863 1430 συγκατείργασται
1892 1340 2071 1414 τάδε.

517 1444 842 1512 ἐντεῦθεν
871 1440 1073 1534 ἀγρίᾳ
1101 1446 1455 1525 συντακεὶς
1483 1444 1659 1536 νόσῳ
1689 1461 1881 1515 νοσεῖ

515 1544 782 1633 τλήμων
807 1542 1115 1634 Ὀρέστης
1143 1541 1260 1615 ὅδε
1294 1546 1519 1615 πεσών
1548 1543 1607 1614 τ’
1645 1549 1720 1616 έν
1748 1552 2044 1637 δεμνίοις
2226 1566 2292 1620 35

515 1645 868 1733 κεῖται,τό
900 1645 1146 1737 μητρὸς
1176 1644 1241 1716 δ’
1276 1644 1438 1736 αἷμά
1463 1677 1576 1717 νιν
1603 1659 1997 1737 τροχηλατεῖ

517 1755 893 1818 μανίαισιν·
926 1746 1278 1836 ὀνομάζειν
1307 1778 1434 1839 γαρ
1466 1756 1782 1838 αἰδοῦμαι
1811 1751 1978 1832 θεας

519 1848 934 1939 Εὐμενίδας,
968 1859 1045 1920 αἳ
1067 1847 1260 1921 τόνδ’
1297 1855 1775 1939 ἐξαμιλλῶνται
1806 1855 2022 1945 φόβω.

519 1955 713 2023 ἕκτον
742 1954 818 2023 δὲ
846 1952 930 2040 δὴ
966 1951 1113 2023 τόδ’
1145 1944 1321 2043 ἦμαρ
1352 1951 1487 2036 ἐξ”
1446 1982 1608 2025 οτου
1628 1972 1918 2043 σφαγαῖς

521 2063 826 2126 θανοῦσα
852 2055 1068 2144 μήτηρ
1100 2058 1269 2145 πυρὶ
1302 2054 1749 2144 καθήγνισται
1780 2059 2003 2146 δέμας,
2227 2075 2297 2128 40

518 2185 614 2226 ων
643 2155 800 2228 οῦτε
835 2175 984 2228 σῖτα
1018 2157 1132 2227 διὰ
1161 2161 1359 2249 δέρης
1387 2162 1673 2246 ἐδέξατο,

520 2256 602 2328 οὐ
630 2257 860 2351 λούτρ’
896 2266 1106 2330 ἔδωκε
1131 2270 1369 2349 χρωτί·
1401 2266 1769 2349 χλανιδίων
1797 2258 1865 2330 δ’
1900 2269 2030 2331 ἔσω

519 2369 894 2451 κρυφθείς,
933 2359 1096 2433 ὅταν
1123 2363 1248 2450 μὲν
1277 2370 1467 2453 σῶμα
1496 2371 1846 2454 κουφισθῇ
1880 2365 2113 2453 νόσου,

517 2469 796 2556 ἔμφρων
829 2464 1143 2555 δακρύει,
1173 2466 1331 2535 ποτὲ
1359 2467 1436 2536 δὲ
1465 2472 1760 2554 δεμνίων
1792 2463 1922 2535 ἄπο

519 2573 702 2658 πηδᾷ
733 2575 1079 2656 δρομαῖος,
1110 2573 1331 2648 πῶλος
1369 2565 1459 2650 ὥς
1490 2563 1621 2636 άπὸ
1651 2574 1879 2654 ζυγοῦ.
2229 2585 2296 2637 45

519 2676 703 2753 ἔδοξε
731 2666 797 2739 δ’
819 2666 1050 2758 ’Ἀργει
1079 2674 1254 2762 τῷδε
1283 2666 1451 2756 μήθ’
1494 2665 1663 2757 ἡμᾶς
1699 2672 1979 2756 στέγαις,

516 2770 606 2860 μὴ
636 2773 804 2862 πυρὶ
841 2775 1187 2860 δέχεσθαι,
1218 2770 1383 2859 μήτε
1412 2786 1846 2861 προσφωνεῖν
1875 2797 2024 2838 τινα

517 2881 1136 2965 μητροκτονοῦντας
1158 2896 1173 2910 ’
1204 2880 1409 2964 κυρία
1438 2870 1511 2942 δ’
1543 2869 1655 2962 ἥδ’
1688 2869 1922 2963 ἡμέρα,

521 2979 595 3046 ἐν
620 2966 667 3066 ᾗ
695 2983 935 3047 διοίσει
963 2983 1196 3066 ψῆφον
1221 2973 1545 3066 Ἀργείων
1572 2974 1783 3062 πόλις,

522 3086 588 3148 εἰ
607 3079 734 3169 χρὴ
764 3091 1010 3149 θανεῖν
1038 3077 1136 3148 νώ
1168 3086 1467 3171 λευσίμῳ
1495 3078 1874 3168 πετρώματι
2234 3094 2299 3144 50
2380 3075 2401 3083 “

522 3185 596 3269 [ἢ
624 3185 978 3268 φάσγανον
1005 3181 1289 3267 θήξαντ’
1324 3181 1432 3248 ἐπ’
1466 3180 1745 3265 αὐχένος
1772 3184 2060 3265 βαλεῖν].

519 3286 762 3352 ἐλπίδα
794 3282 870 3350 δὲ
899 3283 984 3371 δή
1013 3279 1144 3352 τιν’
1188 3288 1425 3368 ἔχομεν
1456 3278 1625 3350 ὥστε
1660 3281 1750 3370 μὴ
1781 3292 2057 3350 θανεῖν’

520 3381 671 3473 ἥκει
700 3383 827 3471 γὰρ
861 3389 954 3464 εἰς
985 3391 1116 3472 γῆν
1144 3387 1505 3463 Μενέλεως
1543 3390 1785 3472 Τροίας
1813 3379 1966 3470 ἄπο,

523 3489 762 3573 λιμένα
790 3484 866 3553 δὲ
892 3476 1320 3555 Ναυπλίειον
1347 3488 1701 3571 ἐκπληρῶν
1730 3483 1946 3573 πλάτῃ
