2534 3917
987 212 1300 269 ΤΡΩΙΑΔ
1306 215 1417 270 ΕΣ

162 389 296 451 ΕΚ.
380 377 511 468 ἐγώ
543 379 620 448 δὲ
644 386 736 471 τῷ
773 378 1153 469 πρόσπολος
1183 378 1224 449 ἁ
1251 382 1729 469 τριτοβάμονος
1755 386 1901 474 χερὶ

389 482 724 570 δευομένα
751 481 1052 571 βάκτρου
1082 491 1333 575 γεραιῷ
1362 483 1569 574 κάρα;

2050 212 2173 277 355

2070 400 2174 455 275
2212 432 2217 435 -

167 594 302 653 TA.
357 579 636 660 Ἴθακος
661 580 1030 665 Ὀδυσσεὺς
1060 582 1242 673 ἔλαχ’
1277 582 1440 668 ἄναξ
1472 585 1726 675 δούλην
1755 585 1823 657 σ’
1859 594 2057 675 ἔχειν.

163 694 298 756 ΕΚ.
385 688 418 753 ἓ
446 692 497 755 ἔ.

389 784 638 876 ἄρασσε
667 793 876 877 κρᾶτα
904 786 1252 877 κούριμον,

389 886 530 957 ἕλκ’
565 885 880 976 ὀνύχεσσι
911 895 1235 977 δίπτυχον
1263 892 1568 981 παρειάν.

396 990 477 1058 cco'
503 998 623 1078 μοί
645 1018 777 1078 μοι.

388 1099 667 1184 μυσαρῷ
699 1098 904 1185 δολίῳ
934 1096 1215 1181 λέλογχα
1245 1098 1421 1181 φωτὶ
1450 1096 1826 1184 δουλεύειν,

388 1202 682 1286 πολεμίῳ
710 1200 934 1282 δίκας,
965 1196 1331 1287 παρανόμῳ
1364 1198 1575 1285 δάκει,

392 1292 464 1377 ὃς
491 1297 708 1366 πάντα
733 1294 1052 1366 τάκεῖθεν
1083 1295 1322 1367 ἐνθάδ’

388 1394 698 1467 ἀντίπαλ’
733 1389 939 1480 αὖθις
969 1402 1182 1468 ἐκεῖσε
1211 1400 1511 1493 διπτύχῳ
1542 1401 1811 1493 γλώσσᾳ
1938 1474 1941 1477 ,

389 1507 556 1587 φίλα
583 1497 661 1569 τὰ
692 1499 962 1590 πρότερ’
999 1498 1209 1588 ἄφιλα
1235 1506 1605 1591 τιθέμενος.
1638 1504 1903 1585 πάντως

389 1599 663 1689 γοᾶσθ’,
693 1593 748 1671 ὦ
791 1602 1138 1695 Τρῳάδες,
1165 1631 1267 1691 με.

386 1706 640 1792 βέβακα
669 1704 1078 1793 δύσποτμος,
1111 1716 1373 1794 οἴχομαι

391 1803 432 1873 ἁ
458 1806 771 1894 τάλαινα,
805 1807 1310 1899 δυστυχεστάτῳ

388 1912 806 1998 προσέπεσον
833 1908 1078 2001 κλήρῳ.
1137 1952 1154 1967 ·

161 2016 300 2077 XO.
387 2007 460 2078 τὸ
490 2011 616 2098 μὲν
642 2010 766 2081 σὸν
797 2010 1032 2098 οἶσθα,
1065 2010 1340 2097 πότνια,
1372 2007 1488 2091 τὰς
1518 2006 1585 2079 δ’
1622 2008 1778 2097 ἐμᾶς
1809 2009 2012 2099 τύχας

199 2164 214 2177 .
387 2118 488 2192 τίς
514 2104 625 2203 ἆρ’
653 2109 936 2200 Ἀχαιῶν
960 2108 1006 2201 ἦ
1033 2119 1133 2192 τίς
1165 2109 1503 2200 Ἑλλήνων
1531 2118 1697 2199 ἔχει;

167 2219 300 2280 ΤΑ.
385 2210 498 2302 ἴτ’,
530 2218 901 2303 ἐκκομίζειν
928 2220 1133 2304 δεῦρο
1169 2212 1580 2303 Κασάνδραν
1607 2211 1826 2303 χρεών

389 2311 551 2386 ὅσον
577 2317 880 2405 τάχιστα,
910 2322 1158 2405 δμῶες,
1191 2313 1281 2397 ὥς
1312 2316 1723 2406 στρατηλάτῃ

391 2423 485 2499 εἰς
515 2434 704 2509 χεῖρα
732 2425 957 2507 δῶμεν
975 2442 990 2456 ·
1023 2418 1162 2488 εἶτα
1187 2417 1303 2498 τὰς
1334 2421 1722 2507 εἰληγμένας

385 2522 499 2589 καὶ
524 2534 738 2590 τοῖσιν
770 2518 994 2601 ἄλλοις
1021 2526 1529 2607 αἰχμαλωτίδων
1558 2517 1719 2609 ἄγω.

389 2628 497 2709 ἔα,
527 2630 599 2691 τί
620 2622 872 2710 πεύκης
901 2628 1100 2691 ἔνδον
1127 2626 1382 2691 ἵσταται
1413 2624 1643 2704 σε’λας;

390 2730 764 2814 πιμπρᾶσιν
795 2719 838 2812 ἢ
864 2731 936 2793 τί
959 2729 1168 2812 δρῶσι
1208 2722 1521 2813 Τρῳάδες
1548 2723 1821 2809 μυχούς,

391 2821 480 2905 ὥς
508 2826 862 2915 ἐξάγεσθαι
889 2831 1088 2913 τῆσδε
1113 2826 1475 2914 μέλλουσαι
1502 2821 1751 2911 χθονὸς

389 2924 840 3018 πρὸς”Αργος,
872 2924 1100 2997 αὐτῶν
1127 2922 1188 2996 τ’
1223 2930 1593 3015 ἐκπυροῦσι
1620 2923 1889 3011 στόματα

386 3040 632 3098 θανεῖν
663 3032 1023 3113 θέλουσαι,
1056 3029 1264 3119 κάρτα
1294 3055 1397 3097 τοι
1424 3024 1886 3115 τούλεύθερον

388 3133 463 3200 έν
490 3147 629 3210 τοῖς
659 3131 985 3211 τοιούτοις
1019 3131 1379 3218 δυσλόφως
1407 3132 1600 3220 φέρει
1626 3129 1819 3198 κακά.

386 3228 606 3319 ἄνοιγ’
643 3229 906 3321 ἄνοιγε,
935 3232 1026 3320 μὴ
1055 3231 1129 3302 τὸ
1163 3237 1391 3301 ταῖσδε
1420 3233 1833 3322 πρόσφορον,

387 3332 641 3424 ἐχθρὸν
667 3332 732 3403 δ’
771 3332 1089 3421 Ἀχαιοῖς,
1121 3340 1216 3413 εἰς
1246 3331 1350 3420 ἔμ’
1384 3340 1607 3403 αἰτίαν
1634 3331 1827 3420 βάλῃ.

154 3439 298 3501 ΕΚ.
383 3432 510 3504 οὐκ
539 3442 754 3522 ἔστιν,
785 3432 868 3504 ού
897 3441 1307 3524 πιμπρᾶσιν,
1338 3431 1507 3502 ἀλλὰ
1534 3450 1688 3514 παῖς
1716 3431 1837 3520 ἐμὴ

389 3535 632 3624 μαινὰς
657 3537 886 3620 θοάζει
915 3542 1122 3626 δεῦρο
1149 3535 1519 3627 Κασάνδρα
1548 3536 1797 3693 δρξμῳ.

2069 911 2171 965 280

2067 1318 2166 1371 285

2067 1825 2167 1877 290

2066 2332 2167 2385 295
2228 2408 2235 2411 -

2064 2838 2165 2893 300

2061 3346 2163 3399 305
