2534 3917
679 173 1128 231 ΙΦΙῙῈΝΕῙΑ
1168 171 1236 228 Η
1273 171 1391 230 EN
1432 171 1743 230 AYAIAI
2131 165 2214 229 55

204 351 347 414 ΚΛ.
439 351 748 431 φθογγῆς
777 341 1079 412 κλύουσα
1109 347 1314 433 δεῦρο
1342 349 1461 430 σῆς
1489 337 1853 430 ἀφικόμην,

436 451 776 534 ταρβοῦσα
805 444 1074 534 τλήμων
1102 440 1661 532 κάκπεπληγμένη
1690 442 1906 536 φόβῳ,
2085 459 2216 514 1535

433 546 525 635 μή
552 553 674 634 μοί
692 543 826 616 τιν’
861 543 1073 634 ἄλλην
1100 544 1457 637 ξυμφορὰν
1484 541 1650 636 ἥκῃς
1682 549 1910 635 φέρων

436 645 605 738 πρὸς
658 656 739 740 τῇ
794 648 1121 740 παρούσῃ.
1192 655 1388 718 ΑΓΓ.
1448 655 1568 735 σῆς
1621 645 1746 735 μὲν
1798 638 1926 716 οὖν
1979 645 2218 727 παιδὸς

826 811 847 832 ,
1114 752 1266 838 πέρι

433 853 790 940 θαυμαστά
817 872 925 923 σοι
954 854 1066 922 καὶ
1095 850 1286 922 δεινὰ
1314 858 1606 940 σημῆναι
1636 853 1840 922 θέλω.

200 962 343 1023 ΚΛ.
432 953 523 1043 μὴ
552 957 753 1041 μέλλε
778 961 1047 1043 τοίνυν,
1078 950 1247 1024 άλλά
1275 950 1475 1044 φράζ’
1508 949 1671 1024 ὅσον
1698 951 1908 1040 τάχος.

198 1063 425 1138 [ΑΓΓ.
446 1052 597 1126 ἀλλ’
658 1047 712 1124 ὦ
742 1063 906 1145 φίλη
936 1059 1282 1145 δέσποινα,
1313 1063 1450 1126 πᾶν
1478 1054 1712 1127 πεύσει
1739 1063 1993 1144 σαφῶς.
2080 1071 2216 1126 1540

435 1161 601 1240 λέξω
632 1155 698 1228 δ’
734 1154 851 1228 ἄπ’
884 1155 1122 1248 ἀρχῆς,
1155 1155 1247 1246 ἤν
1277 1185 1340 1226 τι
1369 1156 1458 1246 μὴ
1488 1156 1820 1244 σφαλεῖσά
1849 1185 1980 1244 μου

437 1259 670 1348 γνώμη
700 1260 947 1350 ταράξῃ
976 1266 1290 1348 γλῶσσαν
1319 1263 1394 1329 έν
1421 1257 1645 1346 λόγοις
1674 1258 1859 1348 ἐμήν.

434 1363 579 1432 ἐπεὶ
608 1360 736 1451 γὰρ
768 1361 1096 1450 ἱκόμεσθα
1123 1367 1237 1449 τῆς
1264 1359 1434 1442 Διὸς
1461 1359 1665 1451 κόρης

428 1462 807 1553 Ἀρτέμιδος
836 1459 1036 1544 ἄλσος
1066 1462 1384 1551 λείμακάς
1412 1459 1475 1532 τ’
1509 1459 2006 1553 ἀνθεσφόρους,

435 1563 529 1635 ἵν’
564 1557 651 1655 ἦν
671 1563 952 1654 Ἀχαιῶν
980 1568 1306 1654 σύλλογος
1334 1564 1844 1656 στρατεύματος,
2079 1581 2216 1634 1545

437 1665 565 1756 σὴν
595 1665 782 1737 παῖδ’
818 1665 1131 1755 ἄγοντες,
1165 1664 1381 1748 εὐθὺς
1413 1664 1738 1757 Ἀργείων
1765 1663 1958 1756 ὄχλος

433 1767 812 1861 ἠθροίζεθ’.
845 1767 934 1850 ὡς
964 1766 1030 1838 δ’
1065 1773 1324 1838 ἐσεῖδεν
1359 1767 1791 1858 Ἀγαμέμνων
1820 1765 1982 1850 ἅναξ

438 1875 550 1942 ἐπὶ
576 1871 840 1963 σφαγὰς
868 1879 1267 1960 στείχουσαν
1300 1877 1394 1950 εἰς
1423 1867 1622 1952 ἄλσος
1649 1869 1882 1961 κόρην,

436 1971 825 2058 ἀνεστέναξε
842 2026 861 2062 ,
892 1971 1235 2062 κᾶμπαλιν
1265 1975 1554 2062 στρέψας
1582 1971 1754 2062 κάρα

437 2077 700 2167 δάκρυα
729 2083 1059 2166 προῆγεν,
1090 2071 1408 2163 ὀμμάτων
1437 2075 1692 2144 πέπλον
1719 2080 2022 2163 προθείς.
2082 2091 2216 2143 1550

434 2177 475 2268 ἢ
505 2179 581 2248 δὲ
609 2189 933 2248 σταθεῖσα
959 2185 1058 2270 τῷ
1087 2176 1351 2248 τεκόντι
1379 2183 1665 2265 πλησίον

434 2283 614 2364 ἔλεξε
641 2278 858 2351 τοιάδ’
880 2302 895 2316 ·
930 2271 985 2349 ὦ
1011 2279 1253 2372 πάτερ,
1285 2279 1566 2370 πάρειμί
1597 2300 1724 2365 σοι,

434 2380 690 2471 τούμὸν
720 2383 797 2453 δὲ
826 2389 1015 2469 σῶμα
1042 2389 1158 2471 τῆς
1188 2384 1347 2470 ἐμῆς
1375 2378 1550 2472 ὑπὲρ
1578 2380 1831 2470 πάτρας

433 2487 548 2556 καὶ
576 2492 691 2574 τῆς
720 2481 976 2572 ἁπάσης
1006 2481 1319 2564 Ἑλλάδος
1347 2490 1541 2573 γαίας
1568 2479 1741 2573 ὕπερ

433 2595 647 2658 θῦσαι
677 2582 924 2673 δίδωμ’
960 2589 1209 2656 ἑκοῦσα
1238 2585 1408 2676 πρὸς
1434 2584 1668 2674 βωμὸν
1697 2592 1863 2665 θεᾶς
2083 2601 2217 2652 1555

433 2687 718 2777 ἄγοντας
734 2741 753 2776 ,
786 2699 973 2779 εἴπερ
1003 2690 1143 2759 ἐστὶ
1168 2690 1523 2778 θέσφατον
1549 2687 1723 2756 τόδε.

431 2794 547 2862 καὶ
573 2788 774 2862 τούπ’
810 2787 914 2878 ἔμ’
948 2787 1320 2880 εὐτυχεῖτε,
1351 2792 1466 2860 καὶ
1492 2787 1876 2879 νικηφόρου

434 2892 633 2986 δορὸς
659 2894 922 2982 τύχοιτε
960 2898 1251 2982 πατρίδα
1278 2889 1340 2962 τ’
1374 2897 1706 2976 ἐξίκοισθε
1733 2897 1882 2979 γῆν.

434 2995 602 3086 πρὸς
630 3003 839 3066 ταῦτα
866 2993 958 3084 μὴ
987 2993 1218 3084 ψαύσῃ
1246 3021 1346 3076 τις
1367 2991 1688 3086 Ἀργείων
1716 2997 1880 3080 ἐμοῦ
1896 3017 1911 3030 ·

432 3100 591 3188 σιγῇ
622 3099 884 3190 παρέξω
913 3095 1041 3187 γὰρ
1072 3098 1282 3187 δέρην
1311 3093 1706 3186 εὐκαρδίως.
2083 3112 2216 3166 1560

436 3198 713 3270 τοσαῦτ’
748 3203 963 3283 ἔλεξε·
994 3205 1123 3280 πᾶς
1154 3195 1220 3268 δ’
1257 3199 1643 3288 ἐθάμβησεν
1671 3196 1902 3268 κλύων

441 3298 775 3390 εὐψυχίαν
803 3329 875 3371 τε
902 3297 1194 3391 κάρετὴν
1222 3307 1340 3388 τῆς
1370 3303 1742 3391 παρθένου.

441 3403 601 3484 στας
630 3400 696 3472 δ’
731 3408 805 3474 ἐν
831 3404 1013 3496 μέσῳ
1050 3402 1467 3492 Ταλθύβιος,
1502 3393 1558 3494 ᾦ
1584 3397 1728 3471 τόδ’
1764 3391 1850 3489 ἦν
1877 3403 2101 3488 μέλον,

439 3503 783 3595 εὐφημίαν
812 3503 1046 3574 ἀνεῖπε
1075 3507 1188 3573 καὶ
1218 3503 1419 3593 σιγὴν
1446 3510 1706 3594 στρατῷ
1725 3525 1740 3538 ·
