<?xml version="1.0" encoding="UTF-8"?>
<!DOCTYPE html PUBLIC "-//W3C//DTD XHTML 1.0 Transitional//EN"
    "http://www.w3.org/TR/xhtml1/DTD/xhtml1-transitional.dtd">
<html xmlns="http://www.w3.org/1999/xhtml" xml:lang="en" lang="en">
 <head>
  <title>
</title>
<meta http-equiv="Content-Type" content="text/html;charset=utf-8" />
  <meta name='ocr-system' content='tesseract 3.04.00' />
  <meta name='ocr-capabilities' content='ocr_page ocr_carea ocr_par ocr_line ocrx_word'/>
</head>
<body>
  <div class='ocr_page' id='page_1' title='image "./evripidistragoe04eurigoog_0329.png"; bbox 0 0 2534 3917; ppageno 0'>
   <div class='ocr_carea' id='block_1_1' title="bbox 271 153 394 218">
    <p class='ocr_par' dir='ltr' id='par_1_1' title="bbox 271 153 394 218">
     <span class='ocr_line' id='line_1_1' title="bbox 271 153 394 218; baseline -0.008 0"><span class='ocrx_word' id='word_1_1' title='bbox 271 153 394 218; x_wconf 84' lang='lat'><strong><em>266</em></strong></span> 
     </span>
    </p>
   </div>
   <div class='ocr_carea' id='block_1_2' title="bbox 1067 132 1452 210">
    <p class='ocr_par' dir='ltr' id='par_1_2' title="bbox 1067 132 1452 210">
     <span class='ocr_line' id='line_1_2' title="bbox 1067 132 1452 210; baseline -0.005 0"><span class='ocrx_word' id='word_1_2' title='bbox 1067 132 1452 210; x_wconf 72' lang='grc' dir='ltr'><strong><em>οΡΕΣΤΗΣ</em></strong></span> 
     </span>
    </p>
   </div>
   <div class='ocr_carea' id='block_1_3' title="bbox 503 317 2289 3563">
    <p class='ocr_par' dir='ltr' id='par_1_3' title="bbox 503 317 2289 615">
     <span class='ocr_line' id='line_1_3' title="bbox 504 317 2289 411; baseline 0.001 -20"><span class='ocrx_word' id='word_1_3' title='bbox 504 318 812 409; x_wconf 81' lang='grc' dir='ltr'><strong><em>ἐπίκλημ’</em></strong></span> <span class='ocrx_word' id='word_1_4' title='bbox 852 319 1157 408; x_wconf 79' lang='grc' dir='ltr'><strong><em>ἐχούσαις</em></strong></span> <span class='ocrx_word' id='word_1_5' title='bbox 1184 317 1224 388; x_wconf 81' lang='grc' dir='ltr'>ὅ</span> <span class='ocrx_word' id='word_1_6' title='bbox 1258 349 1321 388; x_wconf 92' lang='grc' dir='ltr'><strong><em>τι</em></strong></span> <span class='ocrx_word' id='word_1_7' title='bbox 1352 319 1556 407; x_wconf 84' lang='grc' dir='ltr'><strong><em>τύχοι.</em></strong></span> <span class='ocrx_word' id='word_1_8' title='bbox 1598 320 1844 407; x_wconf 91' lang='grc' dir='ltr'><strong><em>δράσας</em></strong></span> <span class='ocrx_word' id='word_1_9' title='bbox 1880 318 1945 390; x_wconf 90' lang='grc' dir='ltr'><strong><em>δ’</em></strong></span> <span class='ocrx_word' id='word_1_10' title='bbox 1984 323 2113 411; x_wconf 75' lang='grc' dir='ltr'><strong><em>ἐγώ</em></strong></span> <span class='ocrx_word' id='word_1_11' title='bbox 2183 342 2289 396; x_wconf 81' lang='grc'><strong><em>570</em></strong></span> 
     </span>
     <span class='ocr_line' id='line_1_4' title="bbox 504 419 2253 512; baseline 0 -18"><span class='ocrx_word' id='word_1_12' title='bbox 504 420 703 512; x_wconf 87' lang='grc' dir='ltr'><strong><em>δείν’,</em></strong></span> <span class='ocrx_word' id='word_1_13' title='bbox 742 420 830 505; x_wconf 71' lang='grc' dir='ltr'><strong><em>ὥς</em></strong></span> <span class='ocrx_word' id='word_1_14' title='bbox 863 422 949 491; x_wconf 83' lang='grc' dir='ltr'><strong>σύ</strong></span> <span class='ocrx_word' id='word_1_15' title='bbox 985 438 1293 509; x_wconf 81' lang='grc' dir='ltr'><strong><em>κομπεῖς,</em></strong></span> <span class='ocrx_word' id='word_1_16' title='bbox 1331 419 1520 491; x_wconf 90' lang='grc' dir='ltr'><strong><em>τόνδ’</em></strong></span> <span class='ocrx_word' id='word_1_17' title='bbox 1561 429 1819 493; x_wconf 83' lang='grc' dir='ltr'><strong><em>ἔπαυσα</em></strong></span> <span class='ocrx_word' id='word_1_18' title='bbox 1862 421 1983 492; x_wconf 87' lang='grc' dir='ltr'><strong><em>τόν</em></strong></span> <span class='ocrx_word' id='word_1_19' title='bbox 2015 423 2253 511; x_wconf 88' lang='grc' dir='ltr'><strong><em>νόμον.</em></strong></span> 
     </span>
     <span class='ocr_line' id='line_1_5' title="bbox 503 522 1770 615; baseline -0.002 -20"><span class='ocrx_word' id='word_1_20' title='bbox 503 523 717 615; x_wconf 76' lang='grc' dir='ltr'><strong><em>μισῶν</em></strong></span> <span class='ocrx_word' id='word_1_21' title='bbox 751 525 827 594; x_wconf 72' lang='grc' dir='ltr'><strong><em>δὲ</em></strong></span> <span class='ocrx_word' id='word_1_22' title='bbox 860 522 1088 614; x_wconf 89' lang='grc' dir='ltr'><strong><em>μητέρ’</em></strong></span> <span class='ocrx_word' id='word_1_23' title='bbox 1130 528 1411 605; x_wconf 78' lang='grc' dir='ltr'><strong><em>ἐνδίκως</em></strong></span> <span class='ocrx_word' id='word_1_24' title='bbox 1439 522 1770 612; x_wconf 77' lang='grc' dir='ltr'><strong><em>ἀπώλεσα,</em></strong></span> 
     </span>
    </p>

    <p class='ocr_par' dir='ltr' id='par_1_4' title="bbox 507 623 2080 818">
     <span class='ocr_line' id='line_1_6' title="bbox 507 623 2080 716; baseline -0.001 -19"><span class='ocrx_word' id='word_1_25' title='bbox 507 627 646 715; x_wconf 64' lang='grc' dir='ltr'><strong><em>ἣτις</em></strong></span> <span class='ocrx_word' id='word_1_26' title='bbox 678 625 835 716; x_wconf 87' lang='grc' dir='ltr'><strong><em>μεθ’</em></strong></span> <span class='ocrx_word' id='word_1_27' title='bbox 872 623 1101 696; x_wconf 80' lang='grc' dir='ltr'><strong><em>ὅπλων</em></strong></span> <span class='ocrx_word' id='word_1_28' title='bbox 1135 623 1335 714; x_wconf 73' lang='grc' dir='ltr'><strong><em>ἄνδρ’</em></strong></span> <span class='ocrx_word' id='word_1_29' title='bbox 1380 623 1616 696; x_wconf 88' lang='grc' dir='ltr'><strong><em>ἀπόντ’</em></strong></span> <span class='ocrx_word' id='word_1_30' title='bbox 1652 630 1723 696; x_wconf 79' lang='grc' dir='ltr'><strong><em>ἐκ</em></strong></span> <span class='ocrx_word' id='word_1_31' title='bbox 1754 626 2080 715; x_wconf 78' lang='grc' dir='ltr'><em>δωμάτων</em></span> 
     </span>
     <span class='ocr_line' id='line_1_7' title="bbox 511 723 1876 818; baseline -0.001 -19"><span class='ocrx_word' id='word_1_32' title='bbox 511 732 721 818; x_wconf 82' lang='grc' dir='ltr'><strong><em>πάσης</em></strong></span> <span class='ocrx_word' id='word_1_33' title='bbox 747 726 918 818; x_wconf 72' lang='grc' dir='ltr'><strong><em>ὑπὲρ</em></strong></span> <span class='ocrx_word' id='word_1_34' title='bbox 948 736 1068 816; x_wconf 84' lang='grc' dir='ltr'><strong><em>γῆς</em></strong></span> <span class='ocrx_word' id='word_1_35' title='bbox 1089 723 1395 808; x_wconf 77' lang='grc' dir='ltr'><strong><em>Ἑλλάδος</em></strong></span> <span class='ocrx_word' id='word_1_36' title='bbox 1421 730 1876 817; x_wconf 71' lang='grc' dir='ltr'><strong><em>στρατηλάτην</em></strong></span> 
     </span>
    </p>

    <p class='ocr_par' dir='ltr' id='par_1_5' title="bbox 507 826 2287 1226">
     <span class='ocr_line' id='line_1_8' title="bbox 507 826 2287 922; baseline 0.001 -23"><span class='ocrx_word' id='word_1_37' title='bbox 507 833 861 922; x_wconf 77' lang='grc' dir='ltr'><strong><em>προύδωκε</em></strong></span> <span class='ocrx_word' id='word_1_38' title='bbox 890 827 1058 900; x_wconf 82' lang='grc' dir='ltr'><strong><em>κούκ</em></strong></span> <span class='ocrx_word' id='word_1_39' title='bbox 1095 826 1291 899; x_wconf 80' lang='grc' dir='ltr'><strong><em>ἔσωσ’</em></strong></span> <span class='ocrx_word' id='word_1_40' title='bbox 1332 827 1666 921; x_wconf 82' lang='grc' dir='ltr'><strong><em>ἀκήρατον</em></strong></span> <span class='ocrx_word' id='word_1_41' title='bbox 1701 834 1916 919; x_wconf 88' lang='grc' dir='ltr'><strong><em>λέχος·</em></strong></span> <span class='ocrx_word' id='word_1_42' title='bbox 2184 848 2287 902; x_wconf 89' lang='grc'><strong><em>575</em></strong></span> 
     </span>
     <span class='ocr_line' id='line_1_9' title="bbox 507 929 2043 1023; baseline -0.001 -20"><span class='ocrx_word' id='word_1_43' title='bbox 507 937 648 1004; x_wconf 80' lang='grc' dir='ltr'><strong><em>ἐπεὶ</em></strong></span> <span class='ocrx_word' id='word_1_44' title='bbox 679 931 742 1003; x_wconf 88' lang='grc' dir='ltr'><strong><em>δ’</em></strong></span> <span class='ocrx_word' id='word_1_45' title='bbox 782 930 1148 1021; x_wconf 80' lang='grc' dir='ltr'><strong><em>ἆμαρτοῦσ’</em></strong></span> <span class='ocrx_word' id='word_1_46' title='bbox 1186 929 1449 1022; x_wconf 78' lang='grc' dir='ltr'><strong><em>ᾔσθετ’,</em></strong></span> <span class='ocrx_word' id='word_1_47' title='bbox 1486 930 1609 1020; x_wconf 80' lang='grc' dir='ltr'><strong><em>οὐχ</em></strong></span> <span class='ocrx_word' id='word_1_48' title='bbox 1642 930 1813 1023; x_wconf 79' lang='grc' dir='ltr'><strong><em>αὐτῇ</em></strong></span> <span class='ocrx_word' id='word_1_49' title='bbox 1845 939 2043 1020; x_wconf 88' lang='grc' dir='ltr'><strong><em>δίκην</em></strong></span> 
     </span>
     <span class='ocr_line' id='line_1_10' title="bbox 511 1031 1979 1123; baseline 0.001 -20"><span class='ocrx_word' id='word_1_50' title='bbox 511 1038 874 1123; x_wconf 81' lang='grc' dir='ltr'><strong><em>ἐπέθηκεν,</em></strong></span> <span class='ocrx_word' id='word_1_51' title='bbox 907 1032 1054 1104; x_wconf 84' lang='grc' dir='ltr'><strong><em>ἀλλ’</em></strong></span> <span class='ocrx_word' id='word_1_52' title='bbox 1101 1031 1189 1115; x_wconf 72' lang='grc' dir='ltr'><strong><em>ὥς</em></strong></span> <span class='ocrx_word' id='word_1_53' title='bbox 1221 1032 1311 1121; x_wconf 85' lang='grc' dir='ltr'><strong><em>μὴ</em></strong></span> <span class='ocrx_word' id='word_1_54' title='bbox 1348 1040 1547 1123; x_wconf 92' lang='grc' dir='ltr'><strong><em>δίκην</em></strong></span> <span class='ocrx_word' id='word_1_55' title='bbox 1578 1040 1728 1122; x_wconf 87' lang='grc' dir='ltr'><strong><em>δοίη</em></strong></span> <span class='ocrx_word' id='word_1_56' title='bbox 1768 1034 1979 1118; x_wconf 87' lang='grc' dir='ltr'><strong><em>πόσει,</em></strong></span> 
     </span>
     <span class='ocr_line' id='line_1_11' title="bbox 507 1134 1736 1226; baseline -0.002 -19"><span class='ocrx_word' id='word_1_57' title='bbox 507 1143 822 1226; x_wconf 75' lang='grc' dir='ltr'><strong><em>ἐζημίωσε</em></strong></span> <span class='ocrx_word' id='word_1_58' title='bbox 855 1140 1106 1226; x_wconf 92' lang='grc' dir='ltr'><strong><em>πατέρα</em></strong></span> <span class='ocrx_word' id='word_1_59' title='bbox 1138 1134 1516 1206; x_wconf 89' lang='grc' dir='ltr'><strong><em>κάπέκτειν’</em></strong></span> <span class='ocrx_word' id='word_1_60' title='bbox 1555 1137 1736 1224; x_wconf 86' lang='grc' dir='ltr'><strong><em>ἐμόν.</em></strong></span> 
     </span>
    </p>

    <p class='ocr_par' dir='ltr' id='par_1_6' title="bbox 507 1236 2289 1634">
     <span class='ocr_line' id='line_1_12' title="bbox 511 1236 2148 1331; baseline -0.003 -20"><span class='ocrx_word' id='word_1_61' title='bbox 511 1240 673 1329; x_wconf 81' lang='grc' dir='ltr'><strong><em>πρὸς</em></strong></span> <span class='ocrx_word' id='word_1_62' title='bbox 701 1246 923 1327; x_wconf 74' lang='grc' dir='ltr'><strong><em>θεῶν,</em></strong></span> <span class='ocrx_word' id='word_1_63' title='bbox 958 1242 1033 1309; x_wconf 82' lang='grc' dir='ltr'><strong><em>ἐν</em></strong></span> <span class='ocrx_word' id='word_1_64' title='bbox 1067 1236 1150 1309; x_wconf 79' lang='grc' dir='ltr'><strong><em>οὐ</em></strong></span> <span class='ocrx_word' id='word_1_65' title='bbox 1186 1246 1368 1331; x_wconf 79' lang='grc' dir='ltr'><strong><em>καλῷ</em></strong></span> <span class='ocrx_word' id='word_1_66' title='bbox 1403 1239 1527 1326; x_wconf 73' lang='grc' dir='ltr'><strong><em>μὲν</em></strong></span> <span class='ocrx_word' id='word_1_67' title='bbox 1559 1239 1906 1327; x_wconf 80' lang='grc' dir='ltr'><strong><em>ἐμνήσθην</em></strong></span> <span class='ocrx_word' id='word_1_68' title='bbox 1942 1245 2148 1325; x_wconf 76' lang='grc' dir='ltr'><strong><em>θεῶν,</em></strong></span> 
     </span>
     <span class='ocr_line' id='line_1_13' title="bbox 507 1338 2289 1431; baseline -0.001 -19"><span class='ocrx_word' id='word_1_69' title='bbox 507 1342 724 1431; x_wconf 77' lang='grc' dir='ltr'><strong><em>φόνον</em></strong></span> <span class='ocrx_word' id='word_1_70' title='bbox 758 1342 1076 1428; x_wconf 84' lang='grc' dir='ltr'><strong><em>δικάζων,</em></strong></span> <span class='ocrx_word' id='word_1_71' title='bbox 1108 1348 1171 1409; x_wconf 86' lang='grc' dir='ltr'><strong><em>εί</em></strong></span> <span class='ocrx_word' id='word_1_72' title='bbox 1202 1342 1279 1409; x_wconf 70' lang='grc' dir='ltr'><strong><em>δὲ</em></strong></span> <span class='ocrx_word' id='word_1_73' title='bbox 1314 1340 1397 1427; x_wconf 85' lang='grc' dir='ltr'><strong><em>δὴ</em></strong></span> <span class='ocrx_word' id='word_1_74' title='bbox 1429 1338 1509 1409; x_wconf 79' lang='grc' dir='ltr'><strong><em>τὰ</em></strong></span> <span class='ocrx_word' id='word_1_75' title='bbox 1543 1345 1820 1429; x_wconf 82' lang='grc' dir='ltr'><strong><em>μητέρος</em></strong></span> <span class='ocrx_word' id='word_1_76' title='bbox 2184 1358 2289 1411; x_wconf 87' lang='grc'><strong><em>580</em></strong></span> 
     </span>
     <span class='ocr_line' id='line_1_14' title="bbox 507 1438 2181 1532; baseline -0.001 -21"><span class='ocrx_word' id='word_1_77' title='bbox 507 1451 717 1531; x_wconf 75' lang='grc' dir='ltr'><strong><em>σιγῶν</em></strong></span> <span class='ocrx_word' id='word_1_78' title='bbox 749 1444 1078 1532; x_wconf 77' lang='grc' dir='ltr'><strong><em>ἐπῄνουν,</em></strong></span> <span class='ocrx_word' id='word_1_79' title='bbox 1116 1451 1187 1511; x_wconf 90' lang='grc' dir='ltr'><strong><em>τί</em></strong></span> <span class='ocrx_word' id='word_1_80' title='bbox 1213 1439 1292 1529; x_wconf 89' lang='grc' dir='ltr'><strong><em>μ’</em></strong></span> <span class='ocrx_word' id='word_1_81' title='bbox 1331 1438 1416 1511; x_wconf 71' lang='grc' dir='ltr'><strong><em>ἄν</em></strong></span> <span class='ocrx_word' id='word_1_82' title='bbox 1447 1440 1672 1532; x_wconf 87' lang='grc' dir='ltr'><strong><em>ἔδρασ’</em></strong></span> <span class='ocrx_word' id='word_1_83' title='bbox 1712 1440 1747 1514; x_wconf 85' lang='grc' dir='ltr'>ὁ</span> <span class='ocrx_word' id='word_1_84' title='bbox 1784 1442 2181 1526; x_wconf 75' lang='grc' dir='ltr'><strong><em>κατθανων;</em></strong></span> 
     </span>
     <span class='ocr_line' id='line_1_15' title="bbox 511 1540 1913 1634; baseline 0.001 -22"><span class='ocrx_word' id='word_1_85' title='bbox 511 1542 635 1613; x_wconf 70' lang='grc' dir='ltr'><strong><em>οὐκ</em></strong></span> <span class='ocrx_word' id='word_1_86' title='bbox 671 1542 756 1614; x_wconf 68' lang='grc' dir='ltr'><strong><em>ἀν</em></strong></span> <span class='ocrx_word' id='word_1_87' title='bbox 790 1572 872 1632; x_wconf 88' lang='grc' dir='ltr'><strong><em>με</em></strong></span> <span class='ocrx_word' id='word_1_88' title='bbox 905 1552 1124 1631; x_wconf 77' lang='grc' dir='ltr'><strong><em>μισῶν</em></strong></span> <span class='ocrx_word' id='word_1_89' title='bbox 1152 1540 1508 1632; x_wconf 83' lang='grc' dir='ltr'><strong><em>ἀνεχόρευ’</em></strong></span> <span class='ocrx_word' id='word_1_90' title='bbox 1540 1542 1913 1634; x_wconf 82' lang='grc' dir='ltr'><strong><em>Ἐρινύσιν;</em></strong></span> 
     </span>
    </p>

    <p class='ocr_par' dir='ltr' id='par_1_7' title="bbox 507 1643 1827 1735">
     <span class='ocr_line' id='line_1_16' title="bbox 507 1643 1827 1735; baseline 0.002 -22"><span class='ocrx_word' id='word_1_91' title='bbox 507 1643 550 1735; x_wconf 59' lang='grc' dir='ltr'><em>ἦ</em></span> <span class='ocrx_word' id='word_1_92' title='bbox 584 1649 783 1735; x_wconf 85' lang='grc' dir='ltr'><strong><em>μητρὶ</em></strong></span> <span class='ocrx_word' id='word_1_93' title='bbox 818 1645 942 1733; x_wconf 72' lang='grc' dir='ltr'><strong><em>μὲν</em></strong></span> <span class='ocrx_word' id='word_1_94' title='bbox 977 1645 1244 1734; x_wconf 89' lang='grc' dir='ltr'><strong><em>πάρεισι</em></strong></span> <span class='ocrx_word' id='word_1_95' title='bbox 1279 1645 1612 1733; x_wconf 79' lang='grc' dir='ltr'><strong><em>σύμμαχοι</em></strong></span> <span class='ocrx_word' id='word_1_96' title='bbox 1648 1654 1827 1733; x_wconf 90' lang='grc' dir='ltr'><strong><em>θεαί,</em></strong></span> 
     </span>
    </p>

    <p class='ocr_par' dir='ltr' id='par_1_8' title="bbox 511 1745 1864 1841">
     <span class='ocr_line' id='line_1_17' title="bbox 511 1745 1864 1841; baseline 0.002 -26"><span class='ocrx_word' id='word_1_97' title='bbox 511 1755 597 1841; x_wconf 75' lang='grc' dir='ltr'><strong><em>τῷ</em></strong></span> <span class='ocrx_word' id='word_1_98' title='bbox 635 1745 700 1817; x_wconf 87' lang='grc' dir='ltr'><strong><em>δ’</em></strong></span> <span class='ocrx_word' id='word_1_99' title='bbox 741 1745 824 1819; x_wconf 81' lang='grc' dir='ltr'><strong><em>οὐ</em></strong></span> <span class='ocrx_word' id='word_1_100' title='bbox 856 1746 1123 1836; x_wconf 87' lang='grc' dir='ltr'><strong><em>πάρεισι</em></strong></span> <span class='ocrx_word' id='word_1_101' title='bbox 1159 1754 1415 1834; x_wconf 81' lang='grc' dir='ltr'><strong><em>μᾶλλον</em></strong></span> <span class='ocrx_word' id='word_1_102' title='bbox 1449 1745 1864 1841; x_wconf 70' lang='grc' dir='ltr'><strong><em>ἠδικημένῳς</em></strong></span> 
     </span>
    </p>

    <p class='ocr_par' dir='ltr' id='par_1_9' title="bbox 511 1842 2284 2043">
     <span class='ocr_line' id='line_1_18' title="bbox 515 1842 2284 1940; baseline 0 -21"><span class='ocrx_word' id='word_1_103' title='bbox 515 1850 601 1919; x_wconf 77' lang='grc' dir='ltr'><strong><em>σύ</em></strong></span> <span class='ocrx_word' id='word_1_104' title='bbox 627 1878 730 1919; x_wconf 89' lang='grc' dir='ltr'><strong><em>τοι</em></strong></span> <span class='ocrx_word' id='word_1_105' title='bbox 759 1849 1098 1939; x_wconf 81' lang='grc' dir='ltr'><strong><em>φυτεύσας</em></strong></span> <span class='ocrx_word' id='word_1_106' title='bbox 1125 1847 1478 1938; x_wconf 79' lang='grc' dir='ltr'><strong><em>θυγατέρ’,</em></strong></span> <span class='ocrx_word' id='word_1_107' title='bbox 1518 1842 1573 1919; x_wconf 70' lang='grc' dir='ltr'><em>ὦ</em></span> <span class='ocrx_word' id='word_1_108' title='bbox 1604 1854 1836 1940; x_wconf 81' lang='grc' dir='ltr'><strong><em>γέρον,</em></strong></span> <span class='ocrx_word' id='word_1_109' title='bbox 1868 1848 2081 1938; x_wconf 84' lang='grc' dir='ltr'><strong><em>κακὴν</em></strong></span> <span class='ocrx_word' id='word_1_110' title='bbox 2185 1866 2284 1920; x_wconf 84' lang='grc'><strong><em>585</em></strong></span> 
     </span>
     <span class='ocr_line' id='line_1_19' title="bbox 511 1951 1953 2043; baseline 0.001 -23"><span class='ocrx_word' id='word_1_111' title='bbox 511 1951 853 2034; x_wconf 70' lang='grc' dir='ltr'><strong><em>ἀπώλεσάς</em></strong></span> <span class='ocrx_word' id='word_1_112' title='bbox 878 1976 994 2041; x_wconf 92' lang='grc' dir='ltr'><strong><em>με·</em></strong></span> <span class='ocrx_word' id='word_1_113' title='bbox 1035 1951 1148 2022; x_wconf 77' lang='grc' dir='ltr'><strong><em>διὰ</em></strong></span> <span class='ocrx_word' id='word_1_114' title='bbox 1177 1951 1249 2021; x_wconf 85' lang='grc' dir='ltr'><strong><em>τὸ</em></strong></span> <span class='ocrx_word' id='word_1_115' title='bbox 1279 1951 1407 2041; x_wconf 80' lang='grc' dir='ltr'><strong><em>γὰρ</em></strong></span> <span class='ocrx_word' id='word_1_116' title='bbox 1437 1961 1664 2040; x_wconf 90' lang='grc' dir='ltr'><strong><em>κείνης</em></strong></span> <span class='ocrx_word' id='word_1_117' title='bbox 1693 1953 1953 2043; x_wconf 83' lang='grc' dir='ltr'><strong><em>θράσος</em></strong></span> 
     </span>
    </p>

    <p class='ocr_par' dir='ltr' id='par_1_10' title="bbox 507 2053 2030 2146">
     <span class='ocr_line' id='line_1_20' title="bbox 507 2053 2030 2146; baseline 0 -23"><span class='ocrx_word' id='word_1_118' title='bbox 507 2053 754 2144; x_wconf 76' lang='grc' dir='ltr'><strong><em>πατρὸς</em></strong></span> <span class='ocrx_word' id='word_1_119' title='bbox 780 2063 1166 2146; x_wconf 87' lang='grc' dir='ltr'><strong><em>στερηθείς,</em></strong></span> <span class='ocrx_word' id='word_1_120' title='bbox 1203 2054 1531 2143; x_wconf 82' lang='grc' dir='ltr'><strong><em>ἐγενόμην</em></strong></span> <span class='ocrx_word' id='word_1_121' title='bbox 1562 2055 2030 2144; x_wconf 90' lang='grc' dir='ltr'><strong><em>μητροκτόνος.</em></strong></span> 
     </span>
    </p>

    <p class='ocr_par' dir='ltr' id='par_1_11' title="bbox 511 2153 2031 2346">
     <span class='ocr_line' id='line_1_21' title="bbox 511 2153 1877 2247; baseline -0.001 -20"><span class='ocrx_word' id='word_1_122' title='bbox 511 2155 669 2247; x_wconf 66' lang='grc' dir='ltr'><strong><em>ὁρᾷς</em></strong></span> <span class='ocrx_word' id='word_1_123' title='bbox 696 2154 1068 2236; x_wconf 85' lang='grc' dir='ltr'><strong><em>Ὀδυσσέως</em></strong></span> <span class='ocrx_word' id='word_1_124' title='bbox 1094 2153 1366 2242; x_wconf 71' lang='grc' dir='ltr'><strong><em>ἄλοχον·</em></strong></span> <span class='ocrx_word' id='word_1_125' title='bbox 1404 2154 1486 2224; x_wconf 83' lang='grc' dir='ltr'><strong><em>οὐ</em></strong></span> <span class='ocrx_word' id='word_1_126' title='bbox 1521 2160 1877 2226; x_wconf 81' lang='grc' dir='ltr'><strong><em>κατέκτανε</em></strong></span> 
     </span>
     <span class='ocr_line' id='line_1_22' title="bbox 519 2254 2031 2346; baseline 0 -19"><span class='ocrx_word' id='word_1_127' title='bbox 519 2263 922 2346; x_wconf 89' lang='grc' dir='ltr'><strong><em>Τηλέμαχος·</em></strong></span> <span class='ocrx_word' id='word_1_128' title='bbox 962 2254 1044 2327; x_wconf 80' lang='grc' dir='ltr'><strong><em>οὐ</em></strong></span> <span class='ocrx_word' id='word_1_129' title='bbox 1079 2254 1208 2343; x_wconf 85' lang='grc' dir='ltr'><strong><em>γάρ</em></strong></span> <span class='ocrx_word' id='word_1_130' title='bbox 1243 2257 1559 2344; x_wconf 84' lang='grc' dir='ltr'><strong><em>ἐπεγάμει</em></strong></span> <span class='ocrx_word' id='word_1_131' title='bbox 1591 2258 1783 2329; x_wconf 88' lang='grc' dir='ltr'><strong><em>πόσει</em></strong></span> <span class='ocrx_word' id='word_1_132' title='bbox 1811 2257 2031 2344; x_wconf 89' lang='grc' dir='ltr'><strong><em>πόσιν,</em></strong></span> 
     </span>
    </p>

    <p class='ocr_par' dir='ltr' id='par_1_12' title="bbox 511 2355 2284 2550">
     <span class='ocr_line' id='line_1_23' title="bbox 511 2355 2284 2448; baseline 0.002 -21"><span class='ocrx_word' id='word_1_133' title='bbox 511 2363 692 2447; x_wconf 79' lang='grc' dir='ltr'><strong><em>μένει</em></strong></span> <span class='ocrx_word' id='word_1_134' title='bbox 729 2356 795 2427; x_wconf 90' lang='grc' dir='ltr'><strong><em>δ’</em></strong></span> <span class='ocrx_word' id='word_1_135' title='bbox 833 2362 908 2427; x_wconf 87' lang='grc' dir='ltr'><strong><em>έν</em></strong></span> <span class='ocrx_word' id='word_1_136' title='bbox 942 2369 1150 2438; x_wconf 79' lang='grc' dir='ltr'><strong><em>οἴκοις</em></strong></span> <span class='ocrx_word' id='word_1_137' title='bbox 1178 2355 1365 2445; x_wconf 73' lang='grc' dir='ltr'><strong><em>ὑγιὲς</em></strong></span> <span class='ocrx_word' id='word_1_138' title='bbox 1402 2363 1818 2448; x_wconf 81' lang='grc' dir='ltr'><strong><em>εὐνατήριον.</em></strong></span> <span class='ocrx_word' id='word_1_139' title='bbox 2182 2376 2284 2430; x_wconf 82' lang='lat'><strong><em>590</em></strong></span> 
     </span>
     <span class='ocr_line' id='line_1_24' title="bbox 511 2456 1904 2550; baseline -0.001 -19"><span class='ocrx_word' id='word_1_140' title='bbox 511 2459 708 2550; x_wconf 67' lang='grc' dir='ltr'><strong><em>ὁρᾷς,</em></strong></span> <span class='ocrx_word' id='word_1_141' title='bbox 735 2456 1076 2529; x_wconf 87' lang='grc' dir='ltr'><strong><em>Ἀπόλλων</em></strong></span> <span class='ocrx_word' id='word_1_142' title='bbox 1105 2456 1179 2541; x_wconf 80' lang='grc' dir='ltr'><strong><em>ὂς</em></strong></span> <span class='ocrx_word' id='word_1_143' title='bbox 1204 2459 1679 2549; x_wconf 84' lang='grc' dir='ltr'><strong><em>μεσομφάλους</em></strong></span> <span class='ocrx_word' id='word_1_144' title='bbox 1705 2465 1904 2550; x_wconf 80' lang='grc' dir='ltr'><strong><em>ἕδρας</em></strong></span> 
     </span>
    </p>

    <p class='ocr_par' dir='ltr' id='par_1_13' title="bbox 511 2562 1950 2653">
     <span class='ocr_line' id='line_1_25' title="bbox 511 2562 1950 2653; baseline 0 -22"><span class='ocrx_word' id='word_1_145' title='bbox 511 2570 721 2631; x_wconf 70' lang='grc' dir='ltr'><strong><em>ναίων</em></strong></span> <span class='ocrx_word' id='word_1_146' title='bbox 744 2571 1040 2653; x_wconf 77' lang='grc' dir='ltr'><strong><em>βροτοῖσι</em></strong></span> <span class='ocrx_word' id='word_1_147' title='bbox 1067 2562 1277 2651; x_wconf 88' lang='grc' dir='ltr'><strong><em>στόμα</em></strong></span> <span class='ocrx_word' id='word_1_148' title='bbox 1305 2566 1489 2651; x_wconf 86' lang='grc' dir='ltr'><strong><em>νέμει</em></strong></span> <span class='ocrx_word' id='word_1_149' title='bbox 1518 2567 1950 2651; x_wconf 89' lang='grc' dir='ltr'><strong><em>σαφέστατον,</em></strong></span> 
     </span>
    </p>

    <p class='ocr_par' dir='ltr' id='par_1_14' title="bbox 511 2667 2068 2859">
     <span class='ocr_line' id='line_1_26' title="bbox 511 2667 2068 2763; baseline -0.004 -25"><span class='ocrx_word' id='word_1_150' title='bbox 511 2667 603 2759; x_wconf 73' lang='grc' dir='ltr'><strong><em>[ᾦ</em></strong></span> <span class='ocrx_word' id='word_1_151' title='bbox 630 2670 1052 2753; x_wconf 79' lang='grc' dir='ltr'><strong><em>πειθόμεσθα</em></strong></span> <span class='ocrx_word' id='word_1_152' title='bbox 1084 2671 1298 2736; x_wconf 83' lang='grc' dir='ltr'><strong><em>πάνθ’</em></strong></span> <span class='ocrx_word' id='word_1_153' title='bbox 1332 2670 1436 2736; x_wconf 84' lang='grc' dir='ltr'><strong><em>ὅσ’</em></strong></span> <span class='ocrx_word' id='word_1_154' title='bbox 1472 2668 1555 2736; x_wconf 73' lang='grc' dir='ltr'><strong><em>ἂν</em></strong></span> <span class='ocrx_word' id='word_1_155' title='bbox 1588 2679 1807 2744; x_wconf 86' lang='grc' dir='ltr'><strong><em>κεῖνος</em></strong></span> <span class='ocrx_word' id='word_1_156' title='bbox 1836 2668 1994 2751; x_wconf 83' lang='grc' dir='ltr'><strong><em>λέγῃ</em></strong></span> <span class='ocrx_word' id='word_1_157' title='bbox 2014 2671 2068 2763; x_wconf 81' lang='lat'><strong><em>,]</em></strong></span> 
     </span>
     <span class='ocr_line' id='line_1_27' title="bbox 511 2765 1953 2859; baseline -0.002 -24"><span class='ocrx_word' id='word_1_158' title='bbox 511 2765 724 2859; x_wconf 74' lang='grc' dir='ltr'><strong><em>τούτῳ</em></strong></span> <span class='ocrx_word' id='word_1_159' title='bbox 753 2766 1122 2855; x_wconf 89' lang='grc' dir='ltr'><strong><em>πιθόμενος</em></strong></span> <span class='ocrx_word' id='word_1_160' title='bbox 1149 2765 1273 2853; x_wconf 86' lang='grc' dir='ltr'><strong><em>τὴν</em></strong></span> <span class='ocrx_word' id='word_1_161' title='bbox 1299 2774 1627 2836; x_wconf 84' lang='grc' dir='ltr'><strong><em>τεκοῦσαν</em></strong></span> <span class='ocrx_word' id='word_1_162' title='bbox 1655 2774 1953 2835; x_wconf 81' lang='grc' dir='ltr'><strong><em>ἔκτανον.</em></strong></span> 
     </span>
    </p>

    <p class='ocr_par' dir='ltr' id='par_1_15' title="bbox 511 2864 2285 3057">
     <span class='ocr_line' id='line_1_28' title="bbox 511 2864 2285 2956; baseline 0 -21"><span class='ocrx_word' id='word_1_163' title='bbox 511 2871 771 2937; x_wconf 80' lang='grc' dir='ltr'><strong><em>ἐκεῖνον</em></strong></span> <span class='ocrx_word' id='word_1_164' title='bbox 804 2864 1069 2955; x_wconf 77' lang='grc' dir='ltr'><strong><em>ἡγεῖσθ’</em></strong></span> <span class='ocrx_word' id='word_1_165' title='bbox 1104 2864 1383 2936; x_wconf 88' lang='grc' dir='ltr'><strong><em>ἀνόσιον</em></strong></span> <span class='ocrx_word' id='word_1_166' title='bbox 1396 2874 1529 2956; x_wconf 84' lang='grc' dir='ltr'><strong><em>[καὶ</em></strong></span> <span class='ocrx_word' id='word_1_167' title='bbox 1560 2874 1878 2936; x_wconf 89' lang='grc' dir='ltr'><strong><em>κτείνετε·</em></strong></span> <span class='ocrx_word' id='word_1_168' title='bbox 2184 2882 2285 2935; x_wconf 83' lang='grc'><strong><em>595</em></strong></span> 
     </span>
     <span class='ocr_line' id='line_1_29' title="bbox 515 2964 2198 3057; baseline 0.001 -22"><span class='ocrx_word' id='word_1_169' title='bbox 515 2973 764 3047; x_wconf 80' lang='grc' dir='ltr'><strong><em>ἐκεῖνος</em></strong></span> <span class='ocrx_word' id='word_1_170' title='bbox 790 2964 1056 3057; x_wconf 79' lang='grc' dir='ltr'><strong><em>ἥμαρτ’,</em></strong></span> <span class='ocrx_word' id='word_1_171' title='bbox 1094 2964 1220 3037; x_wconf 78' lang='grc' dir='ltr'><strong><em>οὐκ</em></strong></span> <span class='ocrx_word' id='word_1_172' title='bbox 1280 2971 1431 3056; x_wconf 76' lang='grc' dir='ltr'><strong><em>ἐγώ]</em></strong></span> <span class='ocrx_word' id='word_1_173' title='bbox 1453 3022 1468 3035; x_wconf 94' lang='grc'><strong><em>.</em></strong></span> <span class='ocrx_word' id='word_1_174' title='bbox 1515 2976 1583 3036; x_wconf 92' lang='grc' dir='ltr'><strong><em>τί</em></strong></span> <span class='ocrx_word' id='word_1_175' title='bbox 1607 2976 1778 3054; x_wconf 84' lang='grc' dir='ltr'><strong><em>χρῆν</em></strong></span> <span class='ocrx_word' id='word_1_176' title='bbox 1808 2994 1888 3052; x_wconf 88' lang='grc' dir='ltr'><strong><em>με</em></strong></span> <span class='ocrx_word' id='word_1_177' title='bbox 1919 2971 2091 3055; x_wconf 81' lang='grc' dir='ltr'><strong><em>δρᾶν</em></strong></span> <span class='ocrx_word' id='word_1_178' title='bbox 2104 2997 2120 3049; x_wconf 83' lang='lat'>3</span> <span class='ocrx_word' id='word_1_179' title='bbox 2196 3032 2198 3037; x_wconf 88' lang='grc'><strong><em>.</em></strong></span> 
     </span>
    </p>

    <p class='ocr_par' dir='ltr' id='par_1_16' title="bbox 519 3063 1936 3159">
     <span class='ocr_line' id='line_1_30' title="bbox 519 3063 1936 3159; baseline 0.001 -23"><span class='ocrx_word' id='word_1_180' title='bbox 519 3063 560 3155; x_wconf 66' lang='grc' dir='ltr'><em>ἦ</em></span> <span class='ocrx_word' id='word_1_181' title='bbox 586 3066 710 3137; x_wconf 78' lang='grc' dir='ltr'><strong><em>οὐκ</em></strong></span> <span class='ocrx_word' id='word_1_182' title='bbox 741 3065 1093 3157; x_wconf 83' lang='grc' dir='ltr'><strong><em>ἀξιόχρεως</em></strong></span> <span class='ocrx_word' id='word_1_183' title='bbox 1122 3065 1157 3138; x_wconf 86' lang='grc' dir='ltr'>ὁ</span> <span class='ocrx_word' id='word_1_184' title='bbox 1187 3068 1351 3149; x_wconf 84' lang='grc' dir='ltr'><strong><em>θεὸς</em></strong></span> <span class='ocrx_word' id='word_1_185' title='bbox 1380 3066 1797 3159; x_wconf 79' lang='grc' dir='ltr'><strong><em>ἀναφέροντί</em></strong></span> <span class='ocrx_word' id='word_1_186' title='bbox 1824 3097 1936 3156; x_wconf 89' lang='grc' dir='ltr'><strong><em>μοι</em></strong></span> 
     </span>
    </p>

    <p class='ocr_par' dir='ltr' id='par_1_17' title="bbox 511 3162 1957 3261">
     <span class='ocr_line' id='line_1_31' title="bbox 511 3162 1957 3261; baseline -0.001 -21"><span class='ocrx_word' id='word_1_187' title='bbox 511 3178 762 3259; x_wconf 81' lang='grc' dir='ltr'><strong><em>μίασμα</em></strong></span> <span class='ocrx_word' id='word_1_188' title='bbox 788 3177 986 3239; x_wconf 85' lang='grc' dir='ltr'><strong><em>λῦσαι</em></strong></span> <span class='ocrx_word' id='word_1_189' title='bbox 1003 3202 1020 3253; x_wconf 84' lang='lat'>3</span> <span class='ocrx_word' id='word_1_190' title='bbox 1053 3186 1172 3240; x_wconf 91' lang='grc' dir='ltr'><strong><em>ποῖ</em></strong></span> <span class='ocrx_word' id='word_1_191' title='bbox 1198 3199 1296 3261; x_wconf 83' lang='grc' dir='ltr'><strong><em>τις</em></strong></span> <span class='ocrx_word' id='word_1_192' title='bbox 1325 3162 1451 3239; x_wconf 80' lang='grc' dir='ltr'><strong><em>οὖν</em></strong></span> <span class='ocrx_word' id='word_1_193' title='bbox 1484 3168 1576 3239; x_wconf 84' lang='grc' dir='ltr'><strong><em>ἔτ’</em></strong></span> <span class='ocrx_word' id='word_1_194' title='bbox 1615 3168 1699 3240; x_wconf 76' lang='grc' dir='ltr'><strong><em>ἀν</em></strong></span> <span class='ocrx_word' id='word_1_195' title='bbox 1729 3170 1957 3259; x_wconf 76' lang='grc' dir='ltr'><strong><em>φύγοι,</em></strong></span> 
     </span>
    </p>

    <p class='ocr_par' dir='ltr' id='par_1_18' title="bbox 519 3268 1941 3361">
     <span class='ocr_line' id='line_1_32' title="bbox 519 3268 1941 3361; baseline 0.001 -21"><span class='ocrx_word' id='word_1_196' title='bbox 519 3280 578 3341; x_wconf 73' lang='grc' dir='ltr'><strong><em>εἰ</em></strong></span> <span class='ocrx_word' id='word_1_197' title='bbox 600 3271 688 3361; x_wconf 83' lang='grc' dir='ltr'><strong><em>μὴ</em></strong></span> <span class='ocrx_word' id='word_1_198' title='bbox 717 3268 752 3341; x_wconf 86' lang='grc' dir='ltr'>ὁ</span> <span class='ocrx_word' id='word_1_199' title='bbox 785 3271 1105 3353; x_wconf 81' lang='grc' dir='ltr'><strong><em>κελεύσας</em></strong></span> <span class='ocrx_word' id='word_1_200' title='bbox 1134 3271 1413 3361; x_wconf 79' lang='grc' dir='ltr'><strong><em>ρ”ύσεταί</em></strong></span> <span class='ocrx_word' id='word_1_201' title='bbox 1432 3300 1515 3359; x_wconf 91' lang='grc' dir='ltr'><strong><em>με</em></strong></span> <span class='ocrx_word' id='word_1_202' title='bbox 1542 3272 1631 3360; x_wconf 84' lang='grc' dir='ltr'><strong><em>μὴ</em></strong></span> <span class='ocrx_word' id='word_1_203' title='bbox 1663 3283 1941 3355; x_wconf 84' lang='grc' dir='ltr'><strong><em>θανεῖν;</em></strong></span> 
     </span>
    </p>

    <p class='ocr_par' dir='ltr' id='par_1_19' title="bbox 515 3366 2288 3563">
     <span class='ocr_line' id='line_1_33' title="bbox 515 3366 2288 3462; baseline -0.002 -19"><span class='ocrx_word' id='word_1_204' title='bbox 515 3372 661 3443; x_wconf 64' lang='grc' dir='ltr'><strong><em>ἀλλ’</em></strong></span> <span class='ocrx_word' id='word_1_205' title='bbox 695 3371 782 3455; x_wconf 81' lang='grc' dir='ltr'><strong><em>ως</em></strong></span> <span class='ocrx_word' id='word_1_206' title='bbox 805 3375 928 3461; x_wconf 76' lang='grc' dir='ltr'><strong><em>μὲν</em></strong></span> <span class='ocrx_word' id='word_1_207' title='bbox 956 3372 1081 3443; x_wconf 84' lang='grc' dir='ltr'><strong><em>οὐκ</em></strong></span> <span class='ocrx_word' id='word_1_208' title='bbox 1112 3366 1191 3444; x_wconf 81' lang='grc' dir='ltr'><strong><em>εὖ</em></strong></span> <span class='ocrx_word' id='word_1_209' title='bbox 1218 3373 1308 3462; x_wconf 87' lang='grc' dir='ltr'><strong><em>μὴ</em></strong></span> <span class='ocrx_word' id='word_1_210' title='bbox 1338 3371 1480 3462; x_wconf 85' lang='grc' dir='ltr'><strong><em>λέγ’</em></strong></span> <span class='ocrx_word' id='word_1_211' title='bbox 1516 3384 1854 3462; x_wconf 79' lang='grc' dir='ltr'><strong><em>εἴργασται</em></strong></span> <span class='ocrx_word' id='word_1_212' title='bbox 1887 3371 2066 3458; x_wconf 89' lang='grc' dir='ltr'><strong><em>τάδε,</em></strong></span> <span class='ocrx_word' id='word_1_213' title='bbox 2183 3386 2288 3440; x_wconf 90' lang='grc'><strong><em>600</em></strong></span> 
     </span>
     <span class='ocr_line' id='line_1_34' title="bbox 515 3471 1909 3563; baseline 0.001 -24"><span class='ocrx_word' id='word_1_214' title='bbox 515 3471 673 3562; x_wconf 59' lang='grc' dir='ltr'><strong><em>ἡμῖν</em></strong></span> <span class='ocrx_word' id='word_1_215' title='bbox 701 3476 776 3544; x_wconf 71' lang='grc' dir='ltr'><strong><em>δὲ</em></strong></span> <span class='ocrx_word' id='word_1_216' title='bbox 803 3492 937 3557; x_wconf 89' lang='grc' dir='ltr'><strong><em>τοῖς</em></strong></span> <span class='ocrx_word' id='word_1_217' title='bbox 966 3476 1290 3563; x_wconf 90' lang='grc' dir='ltr'><strong><em>δράσασιν</em></strong></span> <span class='ocrx_word' id='word_1_218' title='bbox 1317 3474 1441 3543; x_wconf 81' lang='grc' dir='ltr'><strong><em>οὐκ</em></strong></span> <span class='ocrx_word' id='word_1_219' title='bbox 1476 3473 1909 3562; x_wconf 79' lang='grc' dir='ltr'><strong><em>εὐδαιμόνως.</em></strong></span> 
     </span>
    </p>
   </div>
  </div>
 </body>
</html>
