2534 3917
312 196 438 258 222

315 1698 434 1759 ΙΑ.

313 2003 464 2066 ΜΗ

1145 194 1496 254 ΜΗΔΕΙΛ

545 367 760 454 πάντῃ
795 363 862 435 σ’
904 365 1314 452 ἱκετεύομεν,

541 472 744 539 τέκνα
772 468 1132 557 φονεύσῃς.
2222 482 2327 534 555

539 571 758 640 πόθεν
788 570 1041 658 θράσος
1067 565 1111 657 ἢ
1141 566 1390 657 φρενὸς
1424 562 1467 654 ἢ
2050 562 2194 634 ἀντ,

542 680 746 762 χειρί,
777 675 1051 758 τέκνον,
1081 673 1288 739 σέθεν

542 779 790 865 καρδίᾳ
816 801 887 843 τε
913 772 1132 860 λήψει,

546 874 781 944 δεινὰν
809 875 1243 965 προσάγουσα
1271 872 1556 960 τόλμαν;

543 983 684 1056 πῶς
712 974 779 1045 δ’
821 974 1085 1063 ὄμματα
1115 981 1593 1065 προσβαλοῦσα
2226 988 2332 1044 860

545 1079 806 1158 τέκνοις
836 1075 1143 1169 ἄδακρυν
1170 1093 1416 1167 μοῖραν

544 1181 840 1268 σχήσεις;
874 1182 1065 1272 φόνῳ
1096 1177 1181 1249 ού
1208 1180 1511 1266 δυνάσει,

546 1290 811 1352 παίδων
843 1289 1069 1352 ίκετᾶν
1097 1281 1494 1367 πιτνόντων,

544 1387 765 1471 τέγξαι
801 1387 963 1473 χέρα
992 1391 1272 1472 φοινίαν

541 1486 821 1572 τλάμονι
848 1492 1073 1577 θυμῷ.
1258 1542 1389 1614 Y„
2224 1499 2325 1553 865
2362 1526 2371 1531 ·

539 1685 683 1774 ἥκω
721 1696 1149 1768 κελευσθείς·
1180 1689 1295 1757 καὶ
1326 1686 1455 1776 γὰρ
1484 1677 1655 1758 οὖσα
1685 1686 2021 1774 δυσμενὴς

547 1787 672 1859 οὐκ
700 1785 785 1860 ἂν
813 1787 1133 1881 ἁμάρτοις
1167 1793 1373 1860 τοῦδέ
1404 1787 1503 1878 γ’,
1535 1785 1681 1858 ἀλλ’
1722 1785 2095 1877 ἀκούσομαι

541 1901 614 1961 τί
633 1900 852 1982 χρῆμα
878 1893 1114 1982 βούλει
1142 1892 1382 1963 καινὸν
1409 1895 1473 1975 ἐξ
1511 1895 1708 1980 ἐμοῦ,
1744 1891 1968 1978 γύναι.

533 1991 783 2083 Ἰᾶσον,
821 2003 1143 2084 αἰτοῦμαί
1171 2017 1246 2065 σε
1276 2002 1413 2065 τῶν
1444 1994 1831 2084 εἰρημένων

545 2095 974 2186 συγγνώμον’
1011 2099 1214 2167 εἶναι·
1246 2097 1363 2178 τὰς
1396 2094 1461 2166 δ’
1496 2091 1715 2184 ἐμάς’
1682 2093 1887 2184 οργὰς
1916 2097 2152 2185 φέρειν
2218 2111 2323 2166 870

545 2199 721 2279 εἰκός
755 2197 846 2286 σ’,
877 2202 1023 2269 ἐπεὶ
1049 2207 1193 2292 νῷν
1221 2196 1419 2270 πόλλ’
1460 2195 1903 2324 ὑπείργασται
1933 2205 2120 2284 φίλα.

549 2299 678 2387 ἐγω
709 2298 774 2369 δ’
809 2304 1062 2390 ἐμαυτῇ
1091 2268 1204 2370 διὰ
1230 2301 1453 2389 λόγων
1484 2297 1849 2388 ἀφικόμην,

547 2399 1031 2491 κάλοιδόρησα·
1062 2410 1362 2492 σχετλία,
1399 2412 1471 2473 τί
1492 2410 1816 2490 μαίνομαι

547 2506 660 2573 καὶ
689 2509 1116 2591 δυσμεναίνω
1146 2521 1319 2576 τοῖσι
1346 2505 1799 2595 βουλεύουσιν
1830 2493 1930 2590 εὖ,

545 2605 756 2696 ἐχθρὰ
792 2607 868 2676 δὲ
901 2615 1096 2696 γαίας
1121 2609 1465 2700 κοιράνοις
1490 2613 1901 2693 καθίσταμαι
2226 2623 2331 2678 875

545 2710 737 2780 πόσει
769 2707 870 2796 θ’,
902 2707 974 2790 ὃς
999 2708 1162 2799 ἡμῖν
1190 2718 1323 2803 δρᾷ
1348 2711 1428 2781 τὰ
1457 2707 1971 2798 συμφορώτατα,

465 2853 470 2856 ·
542 2813 755 2900 γήμας
787 2811 1129 2900 τύραννον
1155 2816 1269 2882 καὶ
1301 2812 1745 2900 κασιγνήτους
1778 2811 2036 2889 τέκνοις

544 2917 727 3000 ἐμοῖς
757 2914 1113 2999 φυτεύωνς,
1151 2911 1279 2982 ούκ
1310 2910 1908 3000 άπαλλαχθήσομαι

543 3020 815 3100 θυμοῦ;
849 3022 920 3083 τί
949 3014 1214 3102 πάσχω,
1252 3023 1441 3084 θεῶν
1469 3014 1882 3104 ποριζόντων
1910 3016 2165 3091 καλῶςς,

547 3112 674 3184 οὐκ
704 3117 830 3184 εἰσὶ
865 3117 990 3203 μέν
1015 3143 1128 3202 μοι
1158 3123 1425 3205 παῖδες,
1460 3117 1611 3186 οἶδα
1639 3117 1714 3186 δὲ
1744 3114 1965 3204 χθόνα
2224 3126 2332 3180 880

547 3216 927 3306 φεύγοντας
961 3213 1129 3305 ἡμᾶς
1157 3220 1269 3287 καὶ
1296 3226 1733 3303 σπανίζοντας
1764 3225 2021 3306 φίλων;

543 3316 732 3389 ταῦτ’
768 3317 1120 3407 ἐννοήσασ’
1159 3317 1475 3410 ᾐσθόμην
1502 3319 1833 3409 ἀβουλίαν

452 3471 464 3481 ι
545 3420 802 3505 πολλὴν
837 3429 1081 3509 ἔχουσα
1110 3425 1224 3491 καὶ
1249 3425 1463 3513 μάτην
1494 3423 1916 3510 θυμουμένη.

546 3533 680 3596 νῦν
707 3514 835 3594 οὖν
864 3528 1116 3594 ἐπαινῶ
1146 3541 1531 3613 σωφρονεῖν
1561 3526 1637 3594 τέ
1664 3550 1777 3610 μοι
1806 3528 2025 3599 δοκεῖς
