2534 3917
39 2090 53 2420 ‘----——.
42 1932 55 2017 ..ι-ι-
39 1759 47 1912 “F—*—

199 787 311 848 ΟΡ.

191 1801 303 1862 ΙΦ.

192 2004 313 2065 ΟΡ.

188 2107 297 2166 ΙΦ.

194 2207 312 2268 ΟΡ.

188 2309 297 2369 ΙΦ.

190 2410 311 2471 ΟΡ.

184 2513 298 2572 ΙΦ.

194 2613 316 2673 ΟΡ.

188 2715 299 2775 ῙΦ.

188 2815 313 2876 ΟΡ.

182 2918 300 2977 ΙΦ.

188 3018 316 3079 ΟΡ.

186 3120 305 3180 m).

190 3221 318 3282 ΟΡ.

188 3323 305 3383 ΙΦ.

192 3424 322 3484 ΟΡ.

190 3523 309 3586 ΙΦ..

614 201 1074 260 ΙΦΙΓΕΝΕΙΑ
1114 203 1187 258 H
1222 201 1342 260 ΕΝ
1387 201 1750 260 ΤΑΥΡΟΙΣ
2095 196 2176 263 77

401 369 444 460 ἡ
472 370 597 460 γὰρ
626 369 791 457 τύχη
819 363 1155 458 παρήγαγ’
1190 374 1284 447 είς
1309 364 1385 436 τὸ
1413 368 1776 454 δυσμαθές.

400 473 620 542 πόθεν
646 467 810 540 ποθ’
845 465 1057 558 ἥκετ’,
1088 461 1145 537 ὦ
1170 476 1582 558 ταλαίπωροι
1609 471 1822 550 ξένοις

408 572 497 654 ὥς
523 571 637 642 διὰ
662 577 926 660 μακροῦ
954 570 1078 658 μὲν
1106 567 1298 658 τήνδ’
1329 569 1692 639 ἐπλεύσατε
1715 569 1954 658 χθόνα,
2073 585 2179 642 480

401 673 659 766 μακρὰν
688 670 754 742 δ’
788 668 907 742 ἀπ’
940 682 1148 741 οἴκων
1176 672 1426 758 χθονὸς
1447 667 1678 741 ἔσεσθ’
1712 668 1818 740 ἀεὶ
1846 671 2046 742 κάτω.

396 785 471 846 τί
488 773 683 847 ταῦτ’
714 771 949 862 ὀδύρει
966 825 984 860 ,
1014 770 1179 843 κάπὶ
1206 789 1342 853 τοῖς
1368 775 1684 860 μέλλουσι
1710 771 1808 843 νώ

404 893 663 947 κακοῖσι
690 885 954 963 λυπεῖς,
985 871 1129 963 ἥτις
1157 873 1217 944 εἶ
1246 871 1420 962 ποτ’,
1451 865 1506 944 ὦ
1532 873 1768 961 γύναι;

404 976 587 1049 οὗτοι
613 985 860 1066 νομίζω
889 977 1137 1064 σοφόν,
1168 972 1241 1056 ὃς
1269 971 1355 1045 ἂν
1380 979 1642 1064 μέλλων
1667 986 1912 1046 θανεῖν

404 1091 604 1174 olm-92
620 1078 695 1149 τὸ
713 1086 911 1167 δεῖμα
937 1075 1318 1168 τούλέθρου
1349 1085 1550 1148 νικᾶν
1573 1081 1767 1167 θέλῃ,
2075 1093 2174 1148 485

404 1186 557 1272 [οὐχ
602 1183 785 1259 ὅστις
809 1181 1049 1266 ’Ἅιδην
1096 1179 1301 1264 ἐγγύς
1343 1179 1484 1245 ὄντ’
1531 1181 1955 1264 οίκτίζεται,]

405 1292 734 1375 σωτηρίας
762 1279 1067 1363 ἄνελπις·
1100 1277 1188 1361 ὥς
1214 1277 1328 1350 δύ’
1359 1282 1425 1363 ἐξ
1455 1278 1604 1360 ἑνὸς

403 1383 587 1455 κακαὶ
616 1385 973 1472 συνάπτει,
1001 1390 1265 1474 μωρίαν
1291 1378 1352 1450 τ’
1385 1378 1779 1471 ὀφλισκάνει

400 1487 684 1577 θνήσκει
711 1484 787 1556 θ’
821 1483 1095 1575 ὁμοίως·
1124 1482 1247 1573 τὴν
1275 1484 1481 1573 τύχην
1509 1481 1576 1554 δ’
1608 1488 1728 1554 ἐᾶν
1751 1485 1986 1576 χρεών.

404 1587 576 1678 ἡμᾶς
601 1589 677 1658 δὲ
704 1586 793 1677 μὴ
821 1587 1064 1679 θρήνει
1092 1587 1179 1656 σύ
1194 1608 1209 1624 ·
1238 1584 1355 1666 τὰς
1379 1587 1508 1676 γάρ
1536 1585 1786 1658 ἐνθάδε
2071 1603 2176 1657 490

404 1698 652 1772 θυσίας
676 1689 1125 1778 ἐπιστάμεσθα
1153 1690 1265 1756 καὶ
1290 1687 1764 1776 γιγνώσκομεν.

404 1793 678 1882 πότερος
707 1787 818 1883 ἄρ’
849 1788 1041 1879 ὑμῶν
1068 1786 1307 1888 ἐνθάδ’
1341 1785 1810 1877 ὠνομασμένος

405 1894 725 1982 Πυλάδης
750 1894 1096 1981 κέκληται,
1122 1892 1277 1961 τόδε
1303 1901 1554 1978 μαθεῖν
1577 1897 1846 1981 πρῶτον
1871 1892 2074 1959 θέλω.

407 1993 541 2083 ὅδ’,
572 2007 639 2066 εἴ
656 2024 721 2065 τι
748 1995 834 2082 δή
860 2015 964 2065 σοι
991 1991 1178 2063 τοῦτ’
1211 1995 1286 2061 ἐν
1312 1988 1526 2081 ἡδονῇ
1551 2001 1820 2078 μαθεῖν.

405 2105 599 2179 ποίας
626 2104 897 2184 πολίτης
921 2101 1243 2187 πατρίδος
1265 2089 1583 2182 Ἕλληνος
1608 2092 1857 2181 γεγωςς
2075 2108 2178 2162 495

404 2207 478 2268 τί
500 2196 566 2268 δ’
598 2195 683 2268 ἂν
711 2204 1027 2286 μαθοῦσα
1053 2196 1207 2267 τόδε
1234 2199 1441 2266 πλέον
1468 2194 1730 2283 λάβοις,
1757 2193 1958 2284 γύναι
1975 2225 2002 2277 5

405 2300 691 2390 πότερον
718 2296 990 2387 ἀδελφώ
1020 2296 1265 2388 μητρός
1293 2301 1486 2367 ἐστον
1513 2300 1587 2366 ἐκ
1613 2304 1803 2387 μιᾶς,

407 2403 723 2490 φιλότητί
745 2398 812 2490 γ’
851 2403 1087 2489 ἐσμέν,
1131 2401 1214 2469 οὐ
1256 2400 1638 2486 κασιγνήτω
1684 2401 1885 2483 γένει.

406 2505 517 2572 σοὶ
547 2501 612 2572 δ’
644 2499 859 2590 ὄνομα
887 2518 1081 2572 ποῖον
1108 2497 1309 2571 ἔθεθ’
1343 2499 1378 2571 ὁ
1408 2501 1734 2591 γεννήσας
1760 2501 2010 2591 πατήρ;

410 2603 488 2674 τὸ
513 2606 637 2692 μὲν
664 2611 931 2674 δίκαιον
958 2609 1308 2692 δυστυχεῖς
1334 2599 1686 2692 καλοίμεθ’
1720 2599 1826 2672 ἄν.
1845 2622 1861 2644 ‘
2077 2619 2180 2671 500

384 2703 492 2776 m}
519 2703 701 2776 τοῦτ’
738 2710 963 2796 ἐρωτῶ
981 2727 996 2743 ·
1027 2711 1221 2774 τοῦτο
1247 2705 1372 2792 μὲν
1401 2702 1516 2783 δὸς
1541 2711 1622 2792 τῇ
1652 2703 1836 2792 τύχη.

408 2805 751 2896 ἀνώνυμοι
778 2806 1107 2886 θανόντες
1132 2803 1215 2875 οὐ
1244 2803 1581 2897 γελῴμεθ’
1614 2799 1717 2874 ἅν.

408 2917 482 2979 τί
502 2910 577 2979 δὲ
604 2921 889 2998 φθονεῖς
913 2904 1139 2991 τοῦτ’;
1167 2907 1209 2996 ἢ
1238 2922 1513 2998 φρονεῖς
1542 2904 1718 2977 οὕτω
1747 2909 1948 2994 μέγας

411 3009 487 3080 τὸ
516 3019 705 3100 σῶμα
732 3010 969 3090 θύσεις
993 3006 1280 3097 τούμόν,
1314 3005 1466 3096 οὐχὶ
1493 3005 1808 3096 τοῦνομα.

414 3109 568 3183 οὐδ’
599 3108 686 3182 ἄν
710 3112 910 3183 πόλιν
941 3112 1264 3203 φράσειας
1290 3107 1434 3200 ἥτις
1463 3111 1609 3181 ἐστί
1628 3132 1772 3192 σοι;
2075 3124 2178 3176 505

409 3223 621 3302 ζητεῖς
646 3211 775 3303 γὰρ
804 3209 1008 3283 οὐδὲν
1035 3217 1306 3305 κέρδος,
1337 3209 1426 3292 ὥς
1453 3214 1877 3302 θανουμένῳ.

412 3315 609 3406 χάριν
635 3315 711 3385 δὲ
740 3321 979 3384 δοῦναι
1008 3315 1207 3403 τήνδε
1236 3314 1481 3383 κωλύει
1509 3322 1582 3383 τί
1612 3339 1715 3395 σε;

412 3415 488 3485 τὸ
516 3414 1040 3505 κλεινόν”Αργος
1065 3413 1332 3502 πατρίδ’
1365 3413 1531 3503 ἐμὴν
1562 3414 1939 3502 ἐπεύχομαι.

414 3516 583 3608 πρὸς
610 3525 798 3588 θεῶν
825 3515 1131 3606 άληθῶς,
1162 3509 1218 3586 ὦ
1244 3513 1408 3602 ξέν’,
1441 3515 1504 3584 εἶ
1527 3525 1763 3584 κεῖθεν
1789 3510 2036 3599 γεγώς;
