2534 3917
678 174 1139 232 ΙΦΙΓΕΝΕΙΑ
1176 174 1243 230 Η
1286 175 1406 233 ΕΝ
1449 173 1812 232 ΤΑΤΡΟΙΣ

452 351 707 425 δειναῖς
736 347 1030 431 ἐχίδναις
1062 349 1155 424 εἰς
1184 339 1293 431 ἔμ’
1327 345 1789 432 ἐστομωμένη;

448 443 494 536 ἢ
524 445 595 517 δ’
629 450 703 516 ἐκ
732 445 1039 534 χιτώνων
1068 449 1206 535 πῦρ
1237 447 1536 517 πνέουσα
1565 447 1679 514 καὶ
1707 445 1926 532 φόνον

449 565 717 640 πτεροῖς
746 552 1038 638 ἐρέσσει,
1069 544 1303 637 μητέρ’
1338 545 1659 637 ἀγκάλαις
1689 545 1857 636 ἐμὴν

454 659 733 739 ἔχουσα,
764 654 1082 741 πέτρινον
1110 646 1360 738 ὄχθον,
1395 647 1486 732 ῶς
1515 649 1876 739 ἐπεμβάλῃ.

453 764 631 842 οἴμοι
673 769 899 822 κτενεῖ
920 775 1038 841 με·
1082 768 1203 824 ποῖ
1226 753 1464 842 φύγως
1507 759 1733 843 παρῆν
1761 749 1829 821 δ’
1865 748 2034 841 ὁρᾶν

454 853 535 924 οὐ
565 862 777 925 ταῦτα
805 861 1073 946 μορφῆς
1098 853 1408 944 σχήματ’,
1438 852 1588 924 ἀλλ’
1623 851 1990 942 ἠλλάσσετο

450 958 761 1047 φθογγάς
788 985 860 1028 τε
888 958 1159 1046 μόσχων
1187 959 1302 1028 καὶ
1331 965 1563 1028 κυνῶν
1593 953 1964 1046 ὑλάγματα,

450 1055 495 1130 ἃ
528 1056 773 1148 ”φασκ’
815 1057 1080 1150 Ἐρινῦς
1110 1062 1284 1130 ἰέναι
1311 1061 1686 1149 μυκήματα.

454 1158 645 1252 ἡμεῖς
674 1162 751 1232 δὲ
779 1167 1237 1248 συσταλέντες,
1273 1159 1363 1243 ῶς
1390 1162 1829 1249 θανούμενοι,

450 1273 608 1355 σιγῇ
637 1261 980 1354 καθήμεθ’
1006 1288 1021 1302 ·
1056 1263 1091 1335 ὃ
1124 1265 1201 1333 δὲ
1228 1267 1376 1354 χερὶ
1405 1265 1663 1344 σπάσας
1689 1267 1904 1351 ξίφος,

448 1367 741 1455 μόσχους
767 1364 1057 1458 ὀρούσας
1088 1373 1185 1448 είς
1210 1370 1417 1455 μέσας
1445 1370 1621 1437 λέων
1649 1363 1852 1453 ὅπως,

448 1477 631 1539 παίει
660 1469 917 1562 σιδήρῳ
945 1469 1235 1557 λαγόνας
1264 1477 1360 1552 είς
1391 1469 1688 1561 πλευρᾶς
1719 1475 1862 1555 ἱείς,

451 1577 678 1642 δοκῶν
701 1569 965 1662 Ἐρινῦς
990 1569 1160 1654 θεὰς
1188 1568 1573 1660 ἀμύνεσθαι
1605 1573 1784 1658 τάδε,

451 1670 542 1754 ῶς
571 1672 943 1763 αἱματηρὸν
978 1677 1264 1764 πέλαγος
1293 1679 1608 1758 ἐξανθεῖν
1635 1671 1812 1756 ἁλός.

446 1773 579 1846 κάν
608 1782 781 1868 τῶδε
811 1783 940 1856 πᾶς
967 1804 1099 1864 τις,
1132 1773 1221 1858 ῶς
1252 1775 1381 1868 ὁρᾶ
1409 1777 1798 1866 βουφόρβια

444 1886 777 1948 πίπτοντα
804 1880 919 1948 καὶ
946 1876 1397 1967 πορθούμεν’,
1429 1882 1838 1966 ἐξωπλίζετο,

447 1980 731 2067 κόχλους
759 2008 830 2051 τε
858 1988 1102 2069 φυσῶν
1131 1983 1480 2067 συλλέγων
1507 1979 1570 2050 τ’
1604 1985 1970 2069 ἐγχωρίους
1987 2001 2001 2016 ·

448 2081 618 2173 πρὸς
648 2080 1007 2173 εὐτραφεῖς
1034 2081 1164 2173 γὰρ
1195 2086 1310 2153 καὶ
1338 2091 1610 2164 νεανίας
1637 2087 1872 2165 ξένους

448 2185 755 2273 φαύλους
782 2184 1118 2274 μάχεσθαι
1146 2184 1524 2272 βουκόλους
1548 2182 1923 2275 ἡγούμεθα.

448 2289 687 2356 πολλοὶ
714 2285 780 2357 δ’
814 2287 1307 2378 ἐπληρώθημεν
1349 2289 1431 2354 οὐ
1473 2293 1712 2374 μακρῷ
1755 2289 2000 2374 χρόνῳ.

447 2398 677 2460 πίπτει
704 2390 781 2460 δὲ
808 2398 1052 2479 μανίας
1080 2398 1364 2461 πίτυλον
1391 2386 1428 2461 ὃ
1456 2394 1640 2474 ξένος
1668 2397 1926 2479 μεθείς,

450 2492 705 2576 στάζων
734 2489 933 2584 ἀφρῷ
964 2495 1260 2580 γένειον·
1295 2491 1385 2574 ῶς
1415 2490 1483 2564 δ’
1517 2497 1865 2582 ἐσείδομεν

451 2589 803 2684 προύργου
831 2593 1155 2682 πεσόντα,
1186 2603 1315 2675 πᾶς
1343 2591 1515 2686 ἀνὴρ
1547 2603 1739 2682 ἔσχεν
1767 2593 1980 2664 πόνον

446 2697 719 2785 βάλλων
746 2693 1091 2787 ἀράσσων·
1125 2693 1359 2788 ἅτερος
1389 2697 1466 2767 δὲ
1494 2712 1639 2766 τοῖν
1668 2699 1890 2779 ξένοιν

451 2795 678 2890 ἀφρόν
704 2795 764 2868 τ’
800 2796 1023 2887 ἀπέψη
1055 2798 1360 2888 στόματός
1385 2795 1448 2868 τ’
1482 2801 1782 2886 ἐτημέλει

452 2903 727 2972 πέπλων
754 2929 827 2972 τε
855 2902 1378 2993 προυκάλυπτεν
1407 2898 1746 2990 εὐπήνους
1775 2895 1975 2990 ὑφάς,

447 3010 849 3094 καραδοκῶν
876 3005 1001 3093 μὲν
1026 3002 1351 3075 τάπιόντα
1379 3004 1746 3095 τραύματα,

450 3114 653 3193 φίλον
684 3107 760 3176 δὲ
788 3114 1263 3196 θεραπείαισιν
1293 3104 1492 3199 ἄνδρ’
1528 3104 1925 3198 εὐεργετῶν.

447 3214 729 3300 ἔμφρων
757 3206 822 3279 δ’
860 3207 1105 3303 ἀνᾴξας
1134 3206 1169 3279 ὁ
1200 3213 1388 3292 ξένος
1414 3209 1788 3298 πεσήματος

449 3316 626 3398 ἔγνω
655 3311 974 3382 κλύδωνα
1003 3320 1345 3401 πολεμίων
1373 3319 1862 3402 προσκείμενον

448 3414 565 3480 καὶ
584 3411 710 3501 τὴν
738 3423 1091 3503 παροῦσαν
1116 3414 1479 3504 συμφορὰν
1507 3410 1744 3484 αὐτοῖν
1773 3415 1999 3502 πέλας,

446 3509 681 3608 ᾤμωξέ
702 3513 781 3588 θ’
803 3539 817 3554 ·
861 3513 1051 3606 ἡμεῖς
1076 3514 1143 3587 δ’
1176 3513 1304 3588 οὐκ
1333 3513 1609 3604 ἀνίεμεν
1635 3518 1918 3604 πέτρους

126 3859 203 3881 ³¹5-.
218 3878 223 3880 .
241 3835 343 3884 ³„A
362 3859 463 3883 ..ΠΡ
508 3881 511 3883 Α
580 3880 583 3882 ,

2155 167 2226 236 71

2136 665 2240 719 290

2134 1690 2240 1744 300

2052 2718 2060 2728 “
2132 2713 2236 2768 310

2131 3224 2234 3280 315
