2534 3917
635 185 1098 245 ῙΦΙΓΕΝΕΙΑ
1137 186 1212 243 Η
1243 186 1367 245 ΕΝ
1404 186 1719 245 ΛΥΛΙΔΙ
2114 184 2192 251 41

181 362 286 423 ΑΙ
291 361 389 422 Ἀ.
419 359 493 421 τί
525 348 594 421 δ’
627 358 846 434 ἔστιν;
892 346 982 432 ὥς
1007 378 1123 439 μοι
1149 352 1393 433 πάντες
1421 360 1515 434 εἰς
1544 350 1621 425 ἓν
1644 350 1863 445 ἥκετε,

416 452 747 542 σύγχυσιν
774 459 1037 541 ἔχοντες
1063 454 1177 523 καὶ
1203 453 1548 546 ταραγμὸν
1574 452 1911 545 ὀμμάτων.

184 564 328 625 ΚΛ.
415 551 556 643 εἴφ’
589 550 676 624 ἃν
703 554 1016 647 ἐρωτήσω
1044 577 1120 625 σε
1149 563 1515 645 γενναίως,
1542 557 1721 627 πόσι.

183 664 390 726 ΑΓΛ.
419 653 630 727 οὐδὲν
659 662 1039 744 κελευσμοῦ
1065 660 1179 727 δεῖ
1197 654 1271 746 μ’
1295 679 1310 694 ·
1344 660 1725 749 ἐρωτᾶσθαι
1752 660 1959 729 θέλω.
2065 678 2205 733 1130

181 766 326 827 ΚΛ.
409 756 536 846 τὴν
563 763 773 828 παῖδα
794 756 920 846 τὴν
944 756 1074 848 σὴν
1101 758 1224 847 τήν
1249 755 1313 829 τ’
1350 757 1517 848 ἐμὴν
1542 762 1803 849 μέλλεις
1830 778 2139 847 κτανεῖν;

179 866 391 929 ΑΓΛ.
423 867 533 929 ἔα·

416 960 711 1049 τλήμονά
736 957 803 1049 γ’
837 964 1093 1048 ἔλεξας,
1120 958 1436 1044 ὑπονοεῖς
1462 960 1541 1033 θ’
1574 959 1619 1033 ἃ
1643 963 1736 1053 μή
1762 984 1839 1035 σε
1863 964 2009 1055 χρή.

179 1070 324 1131 ΚΛ·
411 1060 508 1151 ἔχ’
539 1059 804 1151 ἦσυκος,
1314 1138 1319 1144 .

414 1160 690 1235 κάκεῖνό
715 1192 830 1251 μοι
857 1160 932 1235 τὸ
959 1171 1230 1253 πρῶτον
1256 1161 1617 1256 ἀπόκριναι
1645 1165 1869 1237 πάλιν.

179 1273 388 1335 ΑΓΛ.
419 1264 508 1336 σὺ
539 1262 605 1335 δ’
637 1262 725 1354 ἤν
752 1263 819 1355 γ’
845 1268 1096 1357 ἐρωτᾷς
1125 1262 1358 1354 εἰκότ’,
1390 1264 1593 1336 εἰκότ’
1628 1262 1714 1337 ἄν
1740 1267 1992 1350 κλύοις.

175 1378 326 1439 ΚΛ.
410 1364 540 1439 οῦκ
569 1364 717 1437 ἄλλ’
750 1370 1014 1459 ἐρωτῶ,
1053 1370 1168 1437 καὶ
1194 1364 1282 1437 σὺ
1308 1367 1400 1457 μὴ
1426 1364 1570 1457 λέγ’
1602 1363 1771 1438 ἄλλα
1798 1396 1931 1458 μοι.
2062 1390 2197 1444 1135

178 1478 387 1540 ΑΓΛ.
423 1462 482 1540 ὦ
507 1468 747 1541 πότνια
771 1483 976 1561 μοι’ρα
1001 1470 1116 1538 καὶ
1141 1467 1305 1558 τύχη
1336 1475 1597 1560 δαίμων
1621 1467 1685 1541 τ’
1719 1471 1889 1560 ἐμός.

173 1581 325 1643 ΚΛ.
411 1569 621 1661 κάμός
640 1600 718 1660 γε
744 1575 858 1642 καὶ
884 1566 1103 1660 τῆσδ’,
1136 1566 1230 1653 εἷς
1254 1580 1464 1663 τριῶν
1492 1573 1989 1661 δυσδαιμόνων.

171 1681 388 1745 ΑΓΛ.
416 1679 520 1755 τίς
547 1670 610 1743 σ’
651 1670 966 1763 ἠδίκησε;
997 1680 1142 1745 ΚΛ.
1174 1671 1363 1743 τοῦτ’
1394 1678 1563 1762 ἐμοῦ
1590 1674 1837 1745 πεύθει
1864 1674 2081 1766 πάροις

416 1772 456 1847 ὁ
481 1781 648 1857 νοῦς
673 1771 781 1845 ὅδ’
813 1771 1017 1855 αὐτὸς
1041 1781 1216 1845 νοῦν
1241 1781 1413 1863 ἔχων
1444 1772 1527 1845 οῦ
1554 1776 1889 1864 τυγχάνει.

171 1884 390 1948 ΑΓΛ.
421 1874 894 1965 ἀπωλόμεσθα.
925 1878 1323 1965 προδέδοται
1351 1873 1433 1947 τὰ
1458 1876 1722 1965 κρυπτά
1747 1904 1901 1965 μου.
2064 1896 2196 1949 1140

175 1988 327 2049 KA.
413 1974 615 2050 πάντ’
647 1976 800 2049 οἶδα
825 1980 942 2047 καὶ
975 1981 1361 2065 πεπύσμεθ’
1395 1976 1439 2045 ἃ
1462 1978 1550 2046 σύ
1586 1979 1849 2065 μέλλεις
1874 2006 1957 2067 με
1986 1984 2163 2069 δρᾶν

417 2076 586 2151 αὐτὸ
615 2080 692 2150 δὲ
717 2078 792 2149 τὸ
821 2086 1020 2167 σιγᾶν
1048 2075 1546 2167 ὁμολογοῦντός
1566 2082 1713 2147 ἐστί
1732 2098 1859 2149 σου

417 2184 534 2251 καὶ
561 2180 636 2251 τὸ
665 2182 1003 2265 στενάζειν
1028 2180 1260 2252 πολλά.
1292 2179 1381 2269 μὴ
1409 2180 1623 2271 κάμῃς
1654 2183 1894 2269 λέγων.

179 2292 390 2354 ΑΓΛ.
423 2280 577 2352 ἰδοῦ
603 2290 833 2353 σιωπῶ
851 2305 866 2320 ·
896 2280 972 2353 τὸ
999 2280 1128 2371 γὰρ
1157 2278 1605 2371 ἀναίσχυντον
1630 2289 1704 2353 τί
1724 2288 1835 2352 δεῖ

415 2390 642 2473 ψευδῆ
670 2386 950 2473 λέγοντα
977 2391 1388 2473 προσλαβεῖν
1413 2392 1494 2475 τῇ
1521 2392 1873 2476 συμφορᾷ,
2066 2400 2200 2453 1145

173 2496 324 2557 ΚΛ.
410 2482 620 2557 ἄκουε
647 2486 733 2575 δή
761 2507 928 2557 νυν·
971 2481 1494 2575 άνακαλύψομεν
1518 2490 1796 2575 λόγους,

418 2585 690 2659 κούκέτι
718 2592 1059 2679 παρῳδοῖς
1081 2584 1496 2678 χρησόμεσθ’
1529 2593 1941 2676 αἰνίγμασιν.

419 2696 691 2781 πρῶτον
715 2692 875 2778 μέν,
907 2694 1020 2758 ἵνα
1043 2709 1151 2759 σοι
1178 2697 1411 2779 πρῶτα
1438 2684 1623 2758 τοῦτ’
1656 2685 1991 2775 ὀνειδίσω,

419 2799 667 2881 ἔγημας
695 2788 996 2861 ἄκουσάν
1021 2818 1104 2878 με
1130 2788 1419 2879 κᾶλαβες
1444 2793 1583 2881 βίᾳ,

417 2892 541 2964 τὸν
570 2892 874 2985 πρόσθεν
899 2890 1117 2982 ἄνδρα
1153 2893 1496 2964 Τάνταλον
1521 2890 1975 2979 κατακτανών,
2062 2908 2202 2961 1150

417 2997 672 3086 βρέφος
696 3020 770 3063 τε
793 2990 1050 3083 τούμὸν
1077 3001 1173 3088 σῷ
1202 2993 1662 3084 προσοῦρισας·
1682 2993 1894 3085 πάλῳ,

417 3102 692 3185 μαστῶν
717 3103 956 3185 βιαίως
981 3102 1120 3166 τῶν
1147 3099 1329 3185 ἐμῶν
1356 3092 1762 3177 ἀποσπάσας.

341 3279 346 3282 ,
420 3200 536 3268 καὶ
561 3197 654 3267 τω
680 3198 852 3279 Διός
875 3225 948 3268 τε
975 3195 1162 3269 παῖδ’
1196 3196 1334 3287 έμιό
1359 3224 1434 3268 τε
1461 3197 1775 3286 συγγόνω

421 3306 683 3371 ἵπποισι
710 3296 1154 3391 μαρμαίροντ’
1187 3298 1801 3390 ἐπεστρατευσάτην
1818 3320 1833 3335 ·

423 3400 640 3492 πατὴρ
668 3402 746 3472 δὲ
770 3404 1068 3492 πρέσβυς
1104 3400 1504 3490 Τυνδάρεώς
1530 3397 1598 3469 σ’
1634 3398 1961 3490 ἐρρύσατο
2066 3411 2201 3463 1155

423 3506 651 3593 ἱκέτην
680 3503 1089 3594 γενόμενον,
1115 3500 1293 3592 τάμὰ
1322 3500 1388 3573 δ’
1424 3510 1607 3591 ἔσχες
1632 3492 1721 3570 αὖ
1749 3500 1923 3584 λέχη.
