2534 3917
151 556 298 618 XO.

163 760 300 821 ΕΚ.

169 1780 309 1841 KA.

992 172 1421 231 ΤΡΩΙΑΔΕΣ
2051 174 2174 240 357

389 342 618 433 κόραι,
649 335 920 429 μέλπετ’
953 343 1132 429 έμόν
1158 342 1393 429 γάμων
1776 408 1783 421 ,

387 443 509 514 τὸν
537 446 981 533 πεπρωμένον
1010 440 1179 535 εὐνᾷ
1206 443 1407 514 πόσιν
1436 447 1702 531 ἐμέθεν.
2074 465 2179 519 340

386 553 727 635 βασίλεια,
759 546 1228 634 βακχεύουσαν
1256 543 1339 615 ού
1369 546 1564 634 λήψει
1591 546 1828 638 κόρην,

386 647 476 737 μὴ
505 655 776 736 κοῦφον
803 657 961 738 αἴρῃ
991 644 1150 737 βῆμ’
1185 650 1252 729 ἐς
1273 645 1594 737 Ἀργείων
1622 651 1944 739 στρατόν;

369 747 736 838 ἽΙφαιστε,
774 754 1129 842 δᾳδουχεῖς
1154 749 1282 837 μὲν
1310 754 1385 820 ἐν
1414 750 1650 840 γάμοις
1677 759 1963 842 βροτῶν,

392 850 558 944 ἀτὰρ
586 852 850 942 λυγράν
878 879 954 940 γε
983 848 1176 941 τήνδ’
1209 849 1652 934 ἀναιθύσσεις
1680 854 1903 943 φλόγα

389 957 510 1037 ἔξω
539 982 614 1025 τε
641 954 954 1043 μεγάλων
979 957 1295 1024 ἐλπίδων.
1331 965 1543 1043 οἴμοι,
1576 959 1836 1045 τέκνον,
2078 976 2179 1029 345

392 1053 483 1137 ὥς
509 1053 632 1144 οὐχ
661 1052 781 1126 ὑπ’
818 1063 1052 1145 αἰχμῆς
1081 1053 1147 1125 σ’
1183 1054 1333 1149 οὐδ’
1370 1054 1491 1128 ὑπ’
1520 1055 1828 1148 Ἀργείου
1857 1058 2054 1151 δορὸς

389 1159 643 1248 γάμους
670 1169 1034 1247 γαμεῖσθαι
1063 1156 1297 1228 τούσδ’
1330 1159 1641 1245 ἐδόξαζόν
1666 1189 1848 1232 ποτε.

392 1260 691 1352 παράδος
721 1263 868 1349 ἐμοὶ
898 1268 1075 1349 φῶς·
1105 1258 1188 1331 οὐ
1219 1259 1349 1351 γὰρ
1378 1259 1559 1351 ὀρθά
1586 1279 1961 1354 πυρφορεῖς

390 1361 631 1451 μαινὰς
659 1360 1004 1451 θοάζουσ’,
1035 1360 1204 1433 ούδέ
1230 1366 1296 1431 σ’
1327 1367 1404 1431 αἱ
1426 1367 1651 1451 τύχαι,
1682 1365 1955 1451 τέκνον,

395 1466 929 1551 ἐσωφρονήκασ’,
1009 1461 1158 1534 ἀλλ’
1193 1462 1288 1535 ἔτ’
1323 1468 1397 1535 ἐν
1426 1470 1652 1560 ταύτῷ
1678 1470 1919 1555 μένεις.
2077 1488 2182 1541 350

393 1570 738 1659 εἰσφέρετε
765 1567 1018 1649 πεύκας
1047 1566 1316 1657 δάκρυά
1342 1563 1404 1636 τ’
1438 1564 1923 1642 ἀνταλλάσσετε

391 1683 531 1751 τοῖς
557 1675 762 1759 τῆσδε
790 1673 1051 1758 μέλεσι,
1091 1669 1437 1761 Τρῳάδες,
1468 1679 1836 1761 γαμηλίοις.

391 1778 633 1863 μῆτερ,
665 1772 916 1856 πύκαζε
941 1768 1128 1861 κρᾶτ’
1163 1770 1327 1859 έμὸν
1356 1773 1734 1862 νικηφόρον

392 1876 506 1945 καὶ
532 1890 722 1965 χαῖρε
747 1890 886 1955 τοῖς
914 1877 1130 1963 ἐμοῖσι
1156 1881 1527 1962 βασιλικοῖς
1552 1873 1790 1964 γάμοις

391 1979 505 2048 καὶ
531 1980 780 2066 πέμπε,
813 1971 942 2047 κάν
970 1973 1059 2066 μὴ
1088 1972 1264 2065 τάμά
1290 1997 1400 2045 σοι
1427 1976 1752 2066 πρόθυμά
1778 1974 1847 2067 γ’
1878 1969 1944 2069 ᾖ.
2076 1997 2180 2050 355

395 2075 565 2149 ὤθει
594 2087 860 2168 βιαίως·
893 2084 958 2149 εἰ
980 2075 1109 2169 γὰρ
1139 2085 1280 2148 ἔστι
1304 2080 1569 2167 Λοξίας,

385 2178 647 2270 Ἑλένης
675 2197 874 2270 γαμεῖ
895 2209 979 2270 με
1007 2181 1532 2271 δυσχερέστερον
1557 2181 1773 2271 γάμον

394 2279 428 2353 ὅ
458 2290 597 2353 τῶν
617 2281 900 2372 Ἀχαιῶν
928 2282 1194 2364 κλεινὸς
1217 2279 1651 2372 Ἀγαμέμνων
1678 2281 1863 2369 ἅναξ.

392 2392 606 2456 κτενῶ
637 2384 765 2477 γὰρ
794 2382 1008 2457 αὐτὸν
1034 2381 1559 2475 κάντιπορθήσω
1587 2386 1839 2475 δόμους

394 2486 633 2569 ποινὰς
661 2484 980 2577 ἀδελφῶν
1006 2490 1120 2558 καὶ
1153 2486 1404 2577 πατρὸς
1432 2486 1716 2578 λαβοῦσ’
1748 2494 1936 2579 ἐμοῦ.
2079 2506 2183 2561 360

398 2586 547 2660 ἀλλ’
581 2586 733 2659 αὕτ’
768 2591 974 2661 ἐάσω·
1012 2592 1305 2660 πέλεκυν
1332 2587 1458 2678 οὐχ
1483 2588 1895 2681 ὑμνήσομεν,

395 2688 469 2773 ὃς
505 2700 599 2774 είς
623 2693 956 2784 τράχηλον
982 2690 1103 2762 τὸν
1133 2690 1297 2781 ἐμὸν
1328 2691 1455 2762 εἶσι
1483 2690 1804 2783 χάτέρων,

393 2796 890 2887 μητροκτόνους
915 2792 978 2865 τ’
1013 2792 1315 2883 ἀγῶνας,
1344 2790 1464 2875 οὓς
1496 2791 1694 2883 οὑμοὶ
1722 2796 1925 2885 γάμοι

392 2898 765 2987 θήσουσιν,
798 2907 1007 2968 οἴκων
1033 2894 1094 2966 τ’
1120 2894 1401 2987 Ἀτρέως
1430 2894 1793 2967 ἀνάστασιν
1810 2919 1825 2935 ·

390 3001 589 3071 πόλιν
619 3002 696 3071 δὲ
723 3006 920 3083 δείξω
946 2998 1150 3089 τήνδε
1181 3002 1692 3091 μακαριωτέραν
2081 3015 2186 3073 365

395 3098 439 3191 ἢ
467 3101 626 3183 τοὺς
649 3100 987 3191 Ἀχαιούς,
1020 3109 1260 3183 ἔνθεος
1288 3104 1447 3190 μέν,
1478 3099 1628 3171 ἀλλ’
1662 3098 1841 3191 ὅμως

392 3205 673 3275 τοσόνδε
700 3203 770 3294 γ’
805 3208 928 3289 ἔξω
958 3204 1282 3294 στήσομαι
1310 3205 1826 3293 βακχευμάτων·

392 3314 463 3377 οἳ
487 3305 601 3376 διὰ
629 3314 793 3395 μίαν
821 3321 1111 3395 γυναῖκα
1138 3309 1253 3377 καὶ
1280 3314 1445 3393 μίαν
1475 3307 1749 3397 Κύπριν

391 3416 741 3498 θηρῶντες
762 3406 1034 3497 Ἑλένην
1065 3416 1352 3500 μυρίους
1382 3405 1759 3479 ἀπώλεσαν.

392 3507 429 3581 ὁ
463 3512 538 3581 δὲ
564 3511 930 3604 στρατηγὸς
958 3507 995 3581 ὁ
1024 3510 1236 3599 σοφὸς
1264 3514 1597 3598 ἐχθίστων
1624 3507 1798 3599 ὕπερ
2084 3524 2188 3579 370
