2534 3917
282 167 368 229 26
735 166 1195 226 ΙΦΙΓΕΝΕΙΑ
1237 166 1310 223 Η
1343 168 1461 225 ΕΝ
1502 165 1813 225 ΑΥΛΙΔΖ

2194 355 2305 411 680

513 339 846 427 μέλλουσα
876 334 1088 425 δαρὸν
1122 334 1370 427 πατρὸς
1397 332 1790 425 ἀποικήσειν
1817 336 2086 428 χρόνον.

517 430 573 509 ῶ
599 440 842 529 στέρνα
870 441 984 509 καὶ
1011 444 1339 528 παρῇδες,
1372 428 1428 509 ὦ
1454 440 1702 521 ξανθαὶ
1728 438 1952 528 κόμαι,

515 539 605 622 ῶς
635 540 844 629 ἄχθος
871 538 1038 629 ὑμῖν
1067 539 1331 628 ἐγένεθ’
1364 538 1406 631 ἡ
1438 549 1736 633 Φρυγῶν
1763 542 1957 623 πόλις

505 643 733 732 Ἑλένη
759 669 831 713 τε
851 666 866 681 ·
897 642 1091 713 παύω
1119 642 1278 725 τοὺς
1306 644 1547 732 λόγους
1566 665 1580 679 ·
1609 658 1836 731 ταχεῖα
1862 643 1991 733 γὰρ

514 748 696 827 νοτὶς
725 744 954 816 διῶκει
979 743 1055 834 μ’
1091 742 1409 835 ὀμμάτων
1434 744 1789 829 ψαύσαντά
1816 767 1961 816 σου.

516 846 608 920 ἴθ’
643 856 736 929 είς
763 852 1088 940 μέλαθρα.
1119 850 1194 917 σὲ
1222 849 1299 918 δὲ
1324 856 1775 939 παραιτοῦμαι
1803 847 1983 935 τάδε,
2194 862 2299 923 685

513 952 742 1041 Λήδας
767 953 1099 1039 γένεθλον
1113 1002 1133 1037 ,
1168 956 1231 1019 εἰ
1258 959 1728 1043 κατῳκτίσθην
1756 946 1949 1039 ἄγαν,

513 1057 776 1142 μέλλων
797 1050 1084 1140 Ἀχιλλεῖ
1105 1048 1418 1144 θυγατέρ’
1452 1051 1775 1123 ἐκδώσειν
1802 1051 1988 1141 ἐμήν.

517 1153 878 1225 ἀποστολαὶ
906 1152 1034 1245 γὰρ
1060 1154 1379 1244 μακάριαι
1406 1158 1562 1243 μέν,
1592 1151 1741 1224 ἀλλ’
1775 1152 1952 1241 ὅμως

517 1256 844 1328 δάκνουσι
869 1255 1026 1337 τοὺς
1053 1256 1400 1343 τεκόντας,
1428 1253 1591 1326 ὅταν
1618 1253 1843 1337 αλλοις
1870 1255 2101 1347 δόμοις

515 1365 757 1439 παῖδας
783 1364 1134 1453 παραδιδῶ
1162 1357 1376 1427 πολλὰ
1401 1359 1743 1449 μοχθήσας
1770 1360 2008 1449 πατήρ.
2192 1378 2297 1433 690

285 1470 355 1531 Κ
360 1469 429 1529 Λ.
512 1460 636 1549 οὐχ
665 1452 788 1529 ῶδ’
821 1458 1147 1542 ἀσύνετός
1176 1466 1343 1547 εἰμι,
1373 1468 1726 1531 πείσεσθαι
1755 1462 1836 1529 δέ
1856 1488 1939 1548 με

515 1561 773 1651 καύτὴν
801 1561 988 1633 δόκει
1015 1559 1191 1649 τάδ’,
1223 1558 1393 1632 ῶστε
1418 1562 1511 1653 μή
1537 1583 1613 1632 σε
1619 1574 2021 1721 νουθετεῖν,

517 1663 681 1736 ὅταν
705 1662 834 1735 σὺν
861 1661 1286 1753 ’ὑμεναίοισιν
1314 1665 1523 1753 ἐξάγω
1552 1664 1799 1754 κόρην·

517 1765 669 1837 αλλ’
700 1763 737 1838 ὁ
764 1767 966 1855 νόμος
994 1763 1167 1837 αύτα
1192 1772 1287 1858 τῶ
1314 1766 1536 1858 χρόνω
1563 1782 2019 1867 συνισχνανεῖ.

514 1867 810 1957 τοῦνομα
835 1871 960 1957 μὲν
987 1861 1115 1940 οῦν
1141 1866 1332 1939 παῖδ’
1369 1866 1501 1938 οἶδ’
1536 1864 1667 1960 ὅτω
1695 1868 2081 1958 κατῄνεσας,
2190 1886 2297 1943 695

514 1976 753 2061 γένους
781 1972 857 2041 δὲ
883 1979 1083 2043 ποίου
1110 1966 1461 2060 χῶπόθεν,
1490 1982 1740 2060 μαθεῖν
1767 1973 1968 2040 θέλω.

276 2082 488 2144 ΑΓΛ.
519 2085 768 2163 Αἴγινα
795 2074 1104 2163 θυγάτηρ
1133 2071 1385 2161 ἐγένετ’
1412 2070 1717 2143 Ἀσωποῦ
1744 2072 2011 2163 πατρός.

283 2184 426 2245 ΚΛ.
509 2176 762 2263 ταύτην
793 2176 870 2245 δὲ
894 2180 1170 2263 θνητῶν
1201 2171 1246 2263 ἦ
1271 2181 1460 2243 θεῶν
1488 2176 1705 2258 ἔζευξε
1730 2181 1865 2257 τίς;

282 2286 487 2347 ΑΓΑ.
519 2276 721 2357 Ζεύς·
751 2274 1013 2346 Αἰακὸν
1041 2272 1110 2345 δ’
1143 2282 1432 2363 ἔφυσεν,
1469 2275 1775 2364 Οἰνώνης
1800 2276 2075 2367 πρόμον.

283 2387 425 2449 ΚΛ.
506 2387 628 2449 τοῦ
659 2375 724 2446 δ’
757 2384 1018 2447 Αἰακοῦ
1047 2392 1200 2457 παῖς
1226 2385 1327 2457 τίς
1356 2381 1628 2465 κατέσχε
1660 2376 1963 2465 δῶματα;
2184 2392 2293 2449 700

281 2489 486 2551 ΑΓΛ.
515 2478 786 2569 Πηλεύς
806 2502 819 2516 ·
853 2474 888 2549 ὁ
914 2476 1184 2568 Πηλεύς
1211 2477 1281 2549 δ’
1315 2486 1463 2567 ἔσχε
1488 2484 1772 2571 Νηρέως
1798 2480 2029 2571 κόρην.

283 2590 425 2652 ΚΛ.
506 2590 678 2653 θεοῦ
710 2581 1053 2676 διδόντος,
1081 2577 1126 2673 ἢ
1150 2589 1267 2674 βία
1294 2589 1483 2651 θεῶν
1510 2581 1775 2671 lofin-6²13

280 2694 487 2755 ΑΓΛ.
517 2684 689 2768 Ζεὺς
715 2682 1015 2775 ἠγγύησε
1041 2688 1156 2756 καὶ
1183 2681 1422 2755 δίδωσ’
1456 2680 1491 2754 ὁ
1521 2684 1774 2777 κύριος.

281 2796 426 2857 ΚΛ.
509 2804 710 2878 γαμεῖ
733 2790 808 2858 δὲ
834 2793 968 2858 ποῦ
996 2816 1142 2871 νιν;
1173 2778 1220 2870 ἦ
1245 2783 1395 2857 κατ’
1430 2786 1628 2875 οἶδμα
1655 2786 1967 2869 πόντιονς

282 2898 485 2960 ΛΓΑ.
517 2898 783 2981 Χείρων
811 2886 904 2959 ἵν’
937 2896 1112 2958 οίκεῖ
1132 2888 1343 2976 σεμνὰ
1368 2894 1633 2977 Πηλίου
1660 2889 1907 2980 βάθρα.
2189 2904 2295 2959 705

283 2999 427 3061 ΚΛ.
507 2984 594 3061 οῦ
625 3011 791 3080 φασι
817 2990 1275 3082 Κενταύρειον
1303 2986 1595 3084 ᾠκίσθαι
1620 2996 1848 3080 γένος,

281 3102 487 3163 ΛΓΑ.
519 3087 802 3164 ἐνταῦθ’
837 3098 1111 3163 ἔδαισαν
1134 3097 1415 3181 Πηλέως
1443 3092 1695 3183 γάμους
1723 3098 1897 3163 θεοί.

282 3204 426 3265 ΚΛ.
511 3198 701 3276 Θέτις
729 3189 793 3263 δ’
829 3201 1122 3285 ἔθρεψεν
1153 3190 1200 3284 ἦ
1224 3192 1441 3287 πατὴρ
1465 3191 1801 3284 Ἀχιλλέας

284 3304 486 3366 ΑΓΑ.
516 3305 817 3387 Χείρων,
848 3292 941 3366 ’ἶν’
976 3293 1117 3386 ἤθη
1143 3294 1232 3388 μὴ
1262 3298 1474 3386 μάθοι
1502 3304 1730 3366 κακῶν
1756 3303 2042 3386 βροτῶν.

286 3406 428 3467 ΚΛ.
511 3406 646 3488 φεῦ
663 3420 678 3436 ·

459 3570 486 3594 ⁶„
511 3499 721 3592 σοφός
747 3497 802 3591 γ’
835 3498 871 3570 ὁ
903 3504 1164 3588 θρέψας
1189 3497 1284 3589 χῶ
1314 3497 1546 3578 διδοὺς
1573 3499 1975 3588 σοφώτερος.
2190 3514 2299 3570 710
