2534 3917
1056 210 1409 267 ΜΗΔΕΙΑ
2124 207 2243 272 207

465 385 685 459 δοκεῖς
719 377 847 469 γὰρ
879 375 965 448 ἄν
991 407 1074 467 με
1106 378 1305 448 τόνδε
1334 385 1698 448 θωπεῦσαί
1724 405 1905 460 ποτε,

467 489 532 552 εί
561 481 654 570 μή
681 506 745 550 τι
769 487 1266 570 κερδαίνουσαν
1297 475 1345 570 ἦ
1375 482 1837 570 τεχνωμένην;

466 580 618 654 οὐδ’
651 578 737 653 ἂν
765 598 1134 674 προσεῖπον
1160 579 1311 652 οὐδ’
1346 577 1431 652 ἂν
1456 579 1731 672 ἡψάμην
1756 595 2004 672 χεροῖν.
2138 599 2243 654 370

464 681 500 755 ὅ
532 683 596 754 δ’
632 691 727 765 εἰς
754 691 1075 755 τοσοῦτον
1102 691 1357 777 μωρίας
1386 682 1665 773 ἀφίκετο

466 783 624 857 ὥστ’
665 786 816 871 ἐξὸν
843 784 1026 880 αὐτῷ
1061 783 1214 876 τᾶμ’
1248 791 1426 858 ἑλεῖν
1453 786 1879 876 βουλεύματα

462 895 585 977 γῆς
614 887 1000 978 ἐκβαλόντι,
1033 887 1222 978 τήνδ’
1266 887 1524 978 ε’φῆκεν
1552 886 1808 980 ἡμέραν

461 998 696 1081 μεῖναί
713 988 814 1080 μ’,
846 994 920 1060 ἐν
947 981 994 1081 ᾗ
1021 1007 1198 1082 τρεῖς
1225 999 1363 1060 τῶν
1395 994 1576 1079 ἐμῶν
1604 995 1873 1081 ἐχθρῶν
1900 990 2184 1082 νεκροὺς

465 1093 691 1182 θήσω,
723 1096 974 1183 πατέρα
1004 1120 1074 1162 τε
1103 1095 1216 1161 καὶ
1244 1092 1457 1184 κόρην
1484 1092 1682 1163 πόσιν
1711 1090 1773 1161 τ’
1806 1093 1987 1180 ε’μόν.
2138 1109 2242 1164 375

463 1195 710 1277 πολλὰς
737 1193 801 1265 δ’
839 1201 1081 1283 ἔχουσα
1106 1201 1528 1283 θανασίμους
1558 1192 1786 1275 αὐτοῖς
1813 1191 2035 1282 ὁδούς,

464 1294 594 1366 οὐκ
628 1296 760 1368 οἷδ’
795 1294 998 1388 ὁποίᾳ
1027 1305 1298 1389 πρῶτον
1326 1301 1637 1387 ἐγχειρῶ,
1668 1304 1883 1385 φίλαι,

462 1399 747 1491 πότερον
773 1396 1026 1488 ὑφάψω
1054 1405 1244 1488 δῶμα
1269 1397 1615 1488 νυμφικὸν
1645 1406 1833 1489 πυρί,

463 1496 508 1589 ἦ
540 1500 800 1590 θηκτὸν
830 1498 981 1572 ῶσω
1005 1503 1355 1590 φάσγανον
1384 1500 1477 1571 δι’
1510 1497 1777 1590 ἥπατος,

463 1611 619 1694 σιγῇ
654 1603 904 1692 δόμους
933 1603 1188 1692 εἰσβᾶσ’
1223 1603 1319 1675 ἵν’
1360 1612 1679 1696 ἔστρωται
1710 1605 1915 1692 λέχος.
2137 1619 2245 1673 380

461 1702 610 1774 ἀλλ’
651 1709 727 1776 ἕν
758 1714 828 1775 τί
854 1734 970 1794 μοι
998 1704 1397 1797 πρόσαντες·
1434 1713 1497 1776 εἰ
1519 1707 1953 1795 ληφθήσομαι

461 1806 712 1896 δόμους
741 1804 1250 1899 ὑπερβαίνουσα
1277 1811 1389 1878 καὶ
1418 1811 1817 1896 τεχνωμένη,

467 1916 779 1980 θανοῦσα
807 1909 999 1998 θήσω
1031 1925 1168 1990 τοῖς
1198 1913 1376 1999 ἐμοῖς
1404 1913 1671 2000 ἐχθροῖς
1698 1913 1933 1997 γέλων.

462 2011 779 2100 κράτιστα
807 2011 932 2101 τὴν
962 2009 1276 2100 εὐθεῖαν,
1305 2003 1351 2103 ᾖ
1379 2011 1780 2100 πεφύκαμεν

462 2116 671 2203 σοφαὶ
695 2113 1012 2202 μάλιστα,
1051 2114 1425 2205 φαρμάκοις
1452 2111 1702 2194 αὐτοὺς
1734 2115 1928 2183 ἑλεῖν.
2136 2129 2239 2184 385
2337 2180 2340 2182 ,

467 2215 634 2286 εἶεν·

461 2321 576 2389 καὶ
605 2317 690 2407 δὴ
719 2325 1032 2389 τεθνᾶσι·
1063 2327 1163 2400 τίς
1189 2345 1274 2406 με
1301 2320 1558 2400 δέξεται
1588 2319 1813 2401 πόλις;

461 2427 562 2500 τίς
592 2426 723 2509 γῆν
753 2417 1010 2490 ἄσυλον
1035 2424 1149 2491 καὶ
1178 2419 1430 2509 δόμους
1457 2419 1817 2510 ἐχεγγύους

460 2523 649 2604 ξένος
683 2520 1044 2614 παρασχών
1077 2521 1352 2612 ῥύσεται
1376 2520 1632 2611 τούμὸν
1668 2525 1905 2610 δέμας;

465 2620 591 2693 οὐκ
621 2631 782 2694 ἔστι.
825 2620 1088 2712 μείνασ’
1121 2617 1249 2694 οὖν
1280 2631 1375 2694 ἔτι
1404 2623 1689 2714 σμικρὸν
1721 2622 1985 2712 χρόνον,

461 2720 548 2814 ἦν
573 2728 698 2814 μέν
726 2753 826 2807 τις
852 2723 1014 2816 ἡμῖν
1041 2726 1297 2818 πύργος
1328 2723 1632 2815 ἀσφαλὴς
1662 2730 1866 2815 φανῇ,
2133 2747 2237 2801 390

465 2825 642 2921 δόλφ
671 2831 930 2918 μέτειμι
956 2827 1152 2899 τόνδε
1185 2829 1299 2898 καὶ
1328 2836 1484 2919 σιγῇ
1513 2828 1729 2919 φόνον
1750 2850 1765 2863 ·

461 2925 547 3018 ἢν
582 2928 648 3000 δ’
683 2931 1004 3021 ἐξελαύνῃ
1031 2931 1345 3022 ξυμφορά
1383 2928 1455 3019 μ’
1494 2928 1847 3020 ἀμήχανος,

459 3029 630 3122 αὐτὴ
663 3035 859 3124 ξίφος
885 3041 1218 3121 λαβοῦσα,
1249 3039 1359 3103 κεί
1393 3035 1610 3122 μέλλω
1639 3045 1902 3118 θανεῖν,

461 3143 677 3205 κτενῶ
705 3158 871 3226 σφε,
911 3135 1149 3225 τόλμης
1180 3131 1252 3205 δ’
1292 3134 1425 3222 εἶμι
1458 3134 1626 3225 πρὸς
1652 3132 1725 3204 τὸ
1754 3131 2099 3225 καρτερόν.

459 3233 544 3306 οὐ
571 3236 702 3329 γὰρ
730 3237 822 3327 μὰ
853 3237 978 3327 τὴν
1005 3241 1367 3309 δέσποιναν
1393 3234 1480 3327 ἣν
1509 3235 1638 3326 ἐγώ
1666 3239 1840 3325 σέβω
2132 3261 2233 3314 395

456 3339 742 3428 μάλιστα
776 3340 1050 3411 πάντων
1079 3343 1194 3411 καὶ
1219 3337 1548 3432 ξυνεργὸν
1578 3338 1872 3427 εἱλόμην,

451 3433 727 3533 Ἑκάτην
752 3458 987 3532 μυχοῖς
1014 3450 1340 3513 ναίουσαν
1370 3445 1588 3520 ἑστίας
1620 3444 1798 3529 ἐμῆς,

453 3551 712 3634 χαίρων
740 3573 840 3626 τις
867 3541 1095 3614 αὐτῶν
1122 3541 1375 3631 τούμὸν
1404 3540 1689 3632 ἄλγυνεῖ
1709 3544 1890 3633 κεάρ.
