2534 3917
1142 177 1310 235 ΙΩΝ
1470 169 1478 176 ’
2103 168 2218 232 151

456 349 603 418 ἐπεὶ
629 343 697 416 δ’
736 349 803 426 ἐς
837 341 1090 425 αῦλοῦς
1120 336 1292 432 ἧκον
1321 349 1390 425 ἐς
1415 342 1713 432 κρατῆρά
1739 370 1812 412 τε

453 449 722 534 κοινόν,
752 450 970 536 γέρων
998 443 1165 528 ἔλεξ’
1188 469 1201 484 ·
1234 441 1650 535 ἀφαρπάζειν
1675 444 1892 533 χρεῶν

452 549 697 639 οἰνηρὰ
721 548 921 635 τεύχη
949 549 1224 637 σμικρά,
1256 548 1512 636 μεγάλα
1540 543 1606 615 δ’
1641 549 2001 635 εἰσφέρειν,

457 650 551 732 ῶς
578 659 845 720 θᾶσσον
880 648 1127 718 ἔλθωσ’
1161 646 1294 718 οἵδ’
1329 654 1395 730 ἐς
1421 645 1668 736 ἡδονὰς
1696 655 1989 738 φρενῶν.
2099 663 2232 718 1180

461 745 547 841 ἦν
575 753 661 841 δὴ
691 751 1045 841 φερόντων
1070 750 1322 839 μόχθος
1349 749 1855 840 ἀργυρηλάτους

461 857 745 944 χρυσέας
772 880 843 921 τε
872 853 1113 940 φιάλας
1135 875 1150 890 ·
1180 851 1215 924 ὃ
1248 855 1326 923 δὲ
1352 851 1582 941 λαβῶν
1608 857 1968 942 ἐξαίρετον,

459 954 550 1037 ῶς
576 963 669 1048 τῷ
696 958 829 1046 νέῳ
858 953 943 1041 δὴ
972 956 1261 1044 δεσπότῃ
1288 955 1488 1045 χάριν
1516 957 1768 1044 φέρων,

460 1064 673 1128 ἔδωκε
701 1063 949 1145 πλῆρες
974 1064 1237 1144 τεῦχος,
1278 1064 1371 1138 εἰς
1405 1056 1594 1126 οἶνον
1624 1055 1852 1145 βαλῶν

468 1157 510 1228 ὅ
538 1180 702 1248 φασι
729 1164 973 1227 δοῦναι
1002 1157 1358 1247 φάρμακον
1387 1158 1789 1247 δραστήριον
2108 1171 2240 1224 1185

454 1265 855 1344 δέσποιναν,
885 1257 975 1340 ῶς
1003 1275 1155 1339 παῖς
1184 1255 1219 1327 ὁ
1248 1263 1397 1339 νέος
1425 1263 1681 1328 ἐκλίποι
1713 1259 1884 1346 φάος
1903 1281 1916 1294 ·

464 1360 735 1442 κούδεὶς
763 1359 911 1429 τάδ’
944 1357 1139 1453 ᾔδειν
1158 1383 1171 1397 ·
1212 1365 1288 1429 ἐν
1309 1376 1540 1456 χεροῖν
1568 1367 1786 1447 ἔχοντι
1813 1360 1890 1428 δὲ

461 1461 758 1544 σπονδὰς
791 1461 936 1550 μετ’
975 1460 1197 1532 ἄλλων
1233 1465 1424 1532 παιδὶ
1457 1469 1550 1554 τῷ
1587 1461 1917 1549 πεφηνότι

466 1573 900 1654 βλασφημίαν
926 1593 1025 1647 τις
1051 1572 1330 1634 οἰκετῶν
1359 1567 1731 1652 ἐφθέγξατο
1750 1585 1763 1600 ·

462 1664 501 1736 ὃ
533 1664 599 1736 δ’
624 1665 714 1750 ῶς
742 1671 816 1736 ἐν
846 1672 1003 1759 ἱερῷ
1029 1667 1349 1755 μάντεσίν
1377 1664 1438 1734 τ’
1472 1670 1738 1747 ἐσθλοῖς
1766 1672 2064 1756 τραφείς,
2111 1680 2242 1734 1190

464 1767 714 1839 οἰωνὸν
743 1776 939 1838 ἔθετο
974 1764 1328 1838 κάκέλευσ’
1362 1765 1568 1836 ἄλλον
1595 1769 1755 1836 νέον

464 1878 761 1960 κρατῆρα
788 1877 1125 1960 πληροῦν·
1157 1867 1274 1950 τὰς
1303 1869 1380 1938 δὲ
1407 1871 1570 1958 πρὶν
1598 1868 1893 1949 σπονδὰς
1920 1876 2092 1938 θεοῦ

465 1978 703 2042 δίδωσι
730 1979 922 2064 γαίᾳ,
956 1978 1125 2041 πᾶσί
1151 1969 1212 2039 τ’
1247 1973 1642 2040 ἐκσπένδειν
1669 1971 1866 2057 λέγει.

464 2073 620 2162 σιγὴ
650 2071 715 2144 δ’
752 2071 1086 2162 ὑπῆλθεν.
1118 2076 1191 2142 ἐκ
1221 2071 1288 2143 δ’
1327 2076 1746 2161 ἐπίμπλαμεν
1774 2069 2023 2162 δρόσου

466 2184 798 2265 κρατῆρας
836 2176 1061 2266 ῖεροῦς
1084 2183 1414 2264 Βιβλίνου
1441 2201 1513 2244 τε
1540 2172 1868 2261 πῶματος.
2109 2189 2241 2244 1195

463 2274 593 2346 κάν
619 2285 792 2372 τῷδε
825 2278 1061 2371 μόχθῳ
1089 2275 1339 2366 πτηνὸς
1370 2284 1700 2347 εἰσπίπτει
1732 2275 1985 2364 δόμους

466 2387 688 2467 κῶμος
716 2387 1002 2450 πελειῶν
1020 2404 1033 2418 ·
1064 2383 1314 2462 Λοξίου
1340 2379 1468 2468 γὰρ
1499 2383 1574 2448 ἐν
1602 2377 1834 2466 δόμοις

467 2477 751 2569 ἄτρεστα
776 2481 1067 2552 ναίουσ’·
1106 2478 1195 2563 ῶς
1229 2477 1293 2550 δ’
1335 2479 1744 2552 ἀπέσπεισαν
1771 2481 1974 2566 μέθυ,

471 2589 564 2662 εἰς
592 2577 756 2653 αὐτὸ
784 2590 969 2672 χείλη
996 2581 1305 2671 πῶματος
1332 2584 1731 2671 κεχρημέναι

467 2694 819 2769 καθεῖσαν,
855 2679 1085 2752 εἷλκον
1116 2687 1183 2750 δ’
1218 2685 1588 2770 εὐπτέρους
1620 2687 1688 2762 ἐς
1718 2683 2022 2766 αὐχένας.
2110 2697 2246 2749 1200

466 2787 580 2854 καὶ
607 2802 750 2868 ταῖς
776 2787 901 2873 μὲν
935 2784 1165 2867 ἄλλαις
1194 2782 1435 2864 ἄνοσος
1461 2773 1548 2871 ἦν
1575 2781 1771 2871 λοιβὴ
1798 2788 1971 2850 θεοῦ
1997 2804 2010 2817 ·

464 2883 509 2974 ἢ
538 2885 602 2956 δ’
640 2884 803 2972 ἕζετ’
838 2884 992 2956 ἔνθ’
1032 2885 1069 2956 ὁ
1095 2885 1326 2967 καινὸς
1355 2893 1664 2955 ἔσπεισεν
1691 2883 1910 2973 γόνος,

465 2997 676 3058 ποτοῦ
702 2987 763 3058 τ’
800 2985 1129 3077 ἐγεύσατ’,
1162 2985 1377 3068 εὐθὺς
1406 2983 1733 3076 εὔπτερον
1760 2988 1962 3072 δέμας

466 3097 679 3160 ἔσεισε
708 3087 1201 3180 κάβάκχευσεν,
1234 3093 1308 3158 ἐκ
1336 3087 1400 3158 δ’
1435 3085 1696 3176 ἔκλαγξ’
1731 3082 1864 3158 ὅπα

467 3189 794 3274 ἀξύνετον
821 3190 1119 3278 αἰάζουσ’
1143 3214 1157 3229 ·
1192 3193 1577 3280 ἐθάμβησεν
1606 3190 1682 3260 δὲ
1709 3197 1835 3270 πᾶς
1879 3249 1882 3252 .
2109 3203 2252 3256 120⁶

468 3293 891 3384 θοινατόρων
919 3291 1143 3383 ὅμιλος
1172 3290 1451 3383 ὄρνιθος
1480 3289 1730 3372 πόνους
1747 3314 1761 3328 ·

463 3394 751 3484 θνήσκει
777 3393 844 3465 δ’
876 3394 1422 3485 ἀπασπαίρουσα,
1463 3399 1989 3482 φοινικοσκελεῖς

466 3495 669 3584 χηλὰς
696 3513 997 3584 παρεῖσα.
1026 3494 1250 3586 γυμνὰ
1278 3494 1344 3565 δ’
1379 3499 1452 3564 ἐκ
1482 3499 1754 3564 πέπλων
1779 3495 1942 3580 μέλη
