2534 3917
339 960 405 1019 Χ
411 960 486 1021 Ο.

338 1162 485 1224 ΚΛ.

768 164 1229 226 ΙΦΙΓΕΝΕΙΑ
1265 162 1339 219 Η
1374 162 1493 219 ΕΝ
1531 160 1847 217 ΛΥΛΙΔΙ

565 341 641 407 ἐν
671 332 956 423 εὐμαρεῖ
978 358 1049 401 τε
1077 336 1252 421 δρᾶν
1279 356 1351 397 τε
1380 330 1493 397 καὶ
1520 323 1610 415 μὴ
1640 331 1815 415 δρᾶν
1842 332 2083 407 καλῶς.

569 433 713 526 τάχ’
751 446 997 507 εἴσεται
1027 438 1333 522 σίδηρος,
1366 426 1448 500 ὃν
1476 430 1640 519 πρὶν
1672 434 1767 509 εἰς
1800 429 2076 519 Φρύγας
2157 474 2163 479 ·
2252 446 2370 503 970

567 545 833 626 ἐλθεῖν,
866 535 1088 626 φόνου
1119 543 1387 623 κηλῖσιν
1414 538 1689 620 αἵματος
1714 538 1963 620 χρανῶ,

569 654 635 713 εἴ
657 650 756 722 τίς
783 668 866 729 με
892 638 1016 727 τὴν
1045 636 1175 727 σὴν
1200 632 1529 725 θυγατέρ’
1565 634 1999 724 ἐξαιρήσεται.

570 740 718 814 ἀλλ’
749 740 1064 831 ἡσύχαζε·
1094 737 1258 819 θεὸς
1286 736 1417 827 ἐγώ
1446 736 1718 826 πέφηνά
1744 758 1851 805 σοι

569 848 909 934 μέγιστος,
963 840 1091 912 οὐκ
1121 838 1247 910 ὤν·
1280 837 1433 909 ἀλλ’
1468 836 1646 927 ὅμως
1672 838 2059 927 γενήσομαι.

569 950 827 1034 ἔλεξας,
861 974 914 1015 ω
949 960 1076 1014 παῖ
1095 946 1407 1032 Πηλέως,
1440 948 1568 1011 σοῦ
1595 937 1658 1011 τ’
1692 938 1842 1023 αξια
2253 958 2365 1013 975

568 1052 682 1119 καὶ
711 1055 825 1138 τῆς
855 1050 1122 1127 ἐναλίας
1149 1050 1495 1133 δαίμονος,
1524 1050 1773 1131 σεμνῆς
1797 1049 1992 1175 θεοῦ.

567 1159 733 1241 φεῦ·

575 1261 715 1333 πῶς
742 1280 828 1323 αν
854 1248 918 1321 σ’
953 1251 1372 1337 ἐπαινέσαιμι
1400 1246 1490 1336 μὴ
1519 1254 1675 1315 λίαν
1700 1246 1945 1334 λόγοις,

575 1354 734 1445 μηδ’
769 1358 1016 1433 ἐνδεῶς
1045 1348 1238 1421 τοῦδ’
1272 1347 1671 1436 ἀπολέσαιμι
1696 1346 1822 1436 τὴν
1846 1348 2080 1438 χάριν;

575 1457 965 1544 αἰνούμενοι
991 1481 1120 1543 γαρ
1149 1448 1400 1541 ἁγαθοὶ
1426 1450 1678 1541 τρόπον
1691 1448 1843 1519 τινὰ

574 1565 845 1647 μισοῦσι
873 1554 1031 1636 τούς
1059 1561 1438 1641 αἰνοῦντας,
1468 1548 1556 1643 ἢν
1583 1549 1820 1622 αίνῶσ’
1853 1581 2046 1641 αγαν.
2256 1564 2363 1619 980

577 1660 974 1747 αἰσχύνομαι
1002 1657 1078 1727 δὲ
1104 1652 1571 1747 παραφέρουσ’
1604 1654 1917 1745 οἰκτροὺς
1944 1655 2211 1742 λόγους,

579 1767 719 1853 ἰδία
745 1766 1071 1831 νοσοῦσα·
1099 1757 1189 1829 σὺ
1218 1753 1398 1829 &W
1318 1779 1561 1837 ανοσος
1589 1764 1821 1826 κακῶν
1848 1754 1915 1846 γ’
1950 1760 2150 1845 ἐμῶν.

577 1860 726 1933 ἀλλ’
760 1852 888 1933 οὖν
917 1868 1049 1949 ἔχει
1078 1887 1181 1931 τοι
1206 1868 1459 1950 σχῆμα,
1489 1887 1619 1928 καν
1640 1856 1923 1928 απωθεν
1949 1850 1994 1950 ᾗ

575 1962 746 2056 ανὴρ
776 1961 811 2035 ὁ
836 1963 1115 2055 χρηστός
1129 2016 1148 2052 ,
1179 1968 1679 2051 δυστυχοῦντας
1708 1957 2019 2049 ὠφελεῖν.

577 2078 863 2156 οἴκτειρε
891 2063 954 2135 δ’
987 2062 1188 2155 ἡμᾶς·
1229 2062 1465 2154 οἰκτρα
1490 2092 1619 2154 γαρ
1649 2064 2109 2151 πεπόνθαμεν.
2262 2084 2367 2139 985

573 2164 618 2255 ἢ
646 2175 876 2257 πρῶτα
902 2170 1028 2255 μέν
1054 2188 1131 2236 σε
1155 2165 1463 2257 γαμβρὸν
1491 2163 1780 2255 οἰηθετσ’
1814 2174 2011 2254 ἔχειν,

577 2268 782 2357 κενὴν
809 2272 1132 2357 κατέσχον
1157 2265 1380 2338 ἐλπίδ’
1404 2291 1419 2306 ·
1454 2268 1595 2338 εἶτά
1624 2290 1731 2338 σοι
1759 2268 1923 2356 τάχα

575 2367 762 2459 ὅρνις
787 2367 1035 2459 γένοιτ’
1071 2365 1157 2439 ἂν
1181 2386 1355 2441 τοῖσι
1382 2373 1744 2458 μέλλουσιν
1768 2371 2006 2460 γάμοις

577 2468 870 2541 θανοῦσ’
903 2470 1024 2560 ἐμὴ
1053 2488 1238 2558 παῖς,
1272 2468 1313 2542 ὅ
1339 2494 1415 2542 σε
1443 2469 1879 2562 φυλάξασθαι
1910 2473 2149 2561 χρεών.

577 2568 727 2643 ἄλλ’
766 2564 847 2643 εὖ
872 2574 997 2660 μὲν
1024 2571 1228 2665 ἀρχὰς
1260 2573 1469 2662 εἶπας,
1504 2566 1587 2645 εὖ
1612 2576 1689 2645 δὲ
1716 2578 1829 2645 καὶ
1855 2578 2009 2664 τέλη
2029 2597 2045 2613 ·
2256 2594 2358 2647 990

573 2683 700 2746 σοῦ
726 2673 854 2767 γὰρ
881 2679 1204 2757 θέλοντος
1231 2693 1388 2757 παῖς
1416 2676 1537 2765 ἐμὴ
1567 2678 1969 2766 σωθήσεται.

575 2779 805 2865 βούλει
831 2806 944 2847 νιν
973 2782 1181 2847 ἱκέτιν
1206 2778 1332 2848 σὸν
1358 2780 1751 2868 περιπτύξαι
1778 2781 1989 2867 γόνυς

578 2875 1050 2967 ἀπαρθένευτα
1073 2880 1200 2967 μὲν
1227 2877 1378 2949 τάδ’
1400 2903 1417 2917 ·
1450 2889 1513 2950 εί
1537 2884 1617 2950 δέ
1639 2904 1747 2950 σοι
1778 2887 1987 2968 δοκεῖ,

573 2975 747 3065 ἥξει,
779 2975 871 3049 δι’
903 2986 1139 3064 αἰδοῦς
1170 2976 1330 3070 ὄμμ’
1363 2980 1585 3071 ἔχουσ’
1634 2984 2033 3072 ἐλεύθερον·

577 3087 641 3148 εί
664 3077 730 3149 δ’
763 3077 848 3150 οὗ
875 3083 1217 3172 παρούσης
1232 3081 1445 3154 ταύτὰ
1471 3086 1784 3174 τεύξομαι
1812 3090 2043 3172 σέθεν,
2256 3102 2363 3156 995

571 3184 825 3268 μενέτω
853 3180 1001 3251 κατ’
1034 3194 1261 3265 οἴκους
1278 3208 1293 3223 ·
1324 3186 1536 3275 σεμνὰ
1561 3186 1690 3276 γὰρ
1720 3185 2147 3277 σεμνύνεται.

571 3278 749 3370 ὅμως
778 3279 842 3352 δ’
874 3279 1038 3354 ὅσον
1065 3314 1142 3374 γε
1170 3287 1465 3357 δυνατὸν
1492 3296 1833 3360 αἰδεῖσθαι
1858 3288 2102 3378 χρεών.

342 3392 484 3452 AX.
563 3383 651 3453 σὺ
679 3384 844 3473 μήτε
870 3384 1002 3473 σὴν
1026 3386 1214 3457 παῖδ’
1246 3387 1428 3477 ἔξαγ’
1465 3388 1629 3472 ὄψιν
1656 3398 1750 3473 εἰς
1778 3392 1965 3480 ἐμήν,

569 3481 722 3573 μήτ’
761 3494 854 3567 εἰς
882 3484 1143 3570 ὄνειδος
1171 3487 1427 3578 ἀμαθὲς
1457 3498 1800 3581 ἔλθωμεν,
1832 3495 2067 3583 γύναι·

756 3780 1130 3869 τήν
