2534 3917
318 193 443 256 450

316 561 457 624 XO.

314 767 445 829 KP.

316 1893 431 1955 01.

1926 6 2025 28 qm:-
2045 5 2365 146 -

551 353 604 424 ὦ
629 356 836 443 πάτερ
854 407 872 442 ,
920 352 1302 443 ἁμετέροισι
1327 353 1636 442 δόμοισιν
1670 359 1799 445 ἄχη
1825 359 1992 438 θεὸς
2201 376 2342 430 1580

549 455 622 534 ὃς
648 455 807 521 τάδε
836 459 1136 542 τελευτᾷ.

546 558 817 621 πολλῶν
838 557 1067 621 κακῶν
1089 557 1417 640 κατῆρξεν
1453 559 1742 623 Οἰδίπου
1766 553 2002 642 δόμοις

542 650 685 725 τόδ’
717 644 896 744 ἦμαρ
916 677 931 692 ·
966 664 1069 742 εἴη
1099 651 1165 724 δ’
1204 651 1678 743 εὐτυχέστερος
1706 663 1873 742 βίος.

545 767 792 828 οἴκτων
816 757 943 846 μὲν
973 754 1104 846 ἤδη
1135 753 1404 847 λήγεθ’,
1437 753 1527 840 ὡς
1557 754 1700 846 ὥρα
1728 757 1951 846 τάφου

542 860 812 949 μνήμην
845 867 1167 930 τίθεσθαι
1185 882 1201 897 ·
1232 864 1451 930 τῶνδε
1479 856 1560 947 δ’,
1597 865 1913 947 Οἰδίπου,
1943 860 2176 948 λόγων
2207 878 2346 932 1585

548 961 878 1034 ἄκουσον·
910 958 1116 1051 ἀρχὰς
1142 968 1347 1051 τῆσδε
1375 970 1499 1051 γῆς
1527 965 1744 1056 ἔδωκέ
1764 991 1878 1052 μοι

541 1063 915 1154 Ἐτεοκλέης
941 1080 1097 1147 παῖς
1124 1064 1274 1154 σός,
1304 1065 1538 1154 γάμων
1564 1063 1821 1155 φερνὰς
1851 1061 2089 1145 διδοὺς

546 1174 791 1256 Αἵμονι
819 1166 1024 1258 κόρης
1056 1194 1128 1238 τε
1168 1169 1452 1260 λέκτρον
1485 1164 1874 1256 Ἀντιγόνης
1899 1168 2133 1237 σέθεν.

548 1267 804 1341 οῦκουν
832 1266 903 1340 σ’
942 1270 1116 1340 ἐάσω
1146 1268 1352 1360 τήνδε
1379 1278 1510 1360 γῆν
1537 1277 1752 1341 οἰκεῖν
1779 1277 1907 1340 ἔτι·

546 1380 778 1462 σαφῶς
804 1370 933 1462 γὰρ
964 1373 1109 1443 εἶπε
1146 1381 1493 1463 Τειρεσίας
1519 1370 1604 1444 οὐ
1631 1373 1721 1463 μή
1750 1399 1912 1443 ποτε
2206 1387 2348 1442 1590

545 1482 670 1544 σοῦ
698 1475 902 1565 τήνδε
929 1483 1060 1564 γῆν
1085 1482 1436 1558 οἰκοῦντος
1463 1466 1543 1545 εὖ
1571 1477 1850 1565 πράξειν
1875 1475 2104 1545 πόλιν.

548 1572 698 1645 ἀλλ’
730 1580 1102 1666 ἐκκομίζου.
1132 1579 1249 1646 καὶ
1278 1575 1426 1646 τάδ’
1462 1575 1587 1667 οὐχ
1613 1575 1813 1670 ῦβρει
1841 1580 2013 1664 λέγω

547 1675 699 1749 οὐδ’
737 1678 979 1772 ἐχθρὸς
1012 1681 1112 1749 ὦν
1133 1686 1273 1770 σός,
1310 1677 1424 1751 διὰ
1453 1680 1530 1762 δὲ
1556 1679 1716 1763 τοὺς
1743 1677 2116 1770 ἀλάστορας

543 1781 701 1864 τοὺς
728 1781 891 1865 σοὺς
920 1781 1242 1864 δεδοικώς
1266 1782 1360 1872 μή
1387 1812 1451 1853 τι
1477 1790 1563 1872 γῆ
1591 1784 1783 1874 πάθῃ
1815 1784 2046 1854 κακόν.

542 1875 599 1955 οἶ
626 1882 835 1975 μοῖρ’,
867 1882 984 1956 ἀπ’
1017 1882 1223 1977 ἀρχῆς
1252 1881 1344 1967 ὥς
1369 1882 1445 1974 μ’
1480 1892 1739 1975 ἔφυσας
1763 1881 2064 1956 ἄθλων·-
2204 1901 2348 1956 1595

544 1986 627 2060 ὃν
653 1991 767 2059 καὶ
796 1991 960 2078 πρὶν
990 1995 1085 2071 εἰς
1112 1996 1255 2077 φῶς
1285 1985 1532 2078 μητρὸς
1559 1991 1633 2058 ἐκ
1663 1995 1868 2077 γονῆς
1892 1997 2150 2078 μολεῖν,

546 2088 797 2179 ἄγονον
824 2087 1167 2162 Ἀπόλλων
1192 2098 1384 2184 Λαΐῳ
1411 2089 1484 2182 μ’
1514 2093 1832 2161 ἐθέσπισε

549 2198 763 2283 φονέα
789 2198 1113 2283 γενέσθαι
1144 2194 1424 2284 πατρός·
1456 2183 1512 2264 ὦ
1541 2193 1743 2275 τάλας
1769 2193 1922 2282 ἐγώ.

550 2299 696 2366 ἐπεὶ
727 2294 793 2367 δ’
828 2299 1189 2387 ἐγενόμην,
1230 2297 1432 2376 αὐτός
1463 2293 1500 2367 ὁ
1529 2303 1810 2388 σπείρας
1836 2294 2052 2386 πατὴρ
2205 2313 2348 2368 1600

547 2407 794 2470 κτείνει
821 2428 905 2488 με
932 2407 1208 2489 νομίσας
1234 2402 1554 2488 πολέμιον
1583 2403 2014 2488 [πεφυκέναν
2407 2403 2416 2409 ’

547 2508 717 2589 χρῆν
744 2499 874 2590 γὰρ
903 2511 1150 2571 θανεῖν
1176 2528 1290 2570 νιν
1317 2505 1384 2586 ἐξ
1421 2506 1611 2589 ἐμοῦ]
1631 2525 1645 2540 ·
1695 2506 1937 2591 πέμπει
1966 2505 2044 2571 δέ
2068 2528 2152 2589 με

546 2601 800 2692 μαστὸν
827 2611 1182 2675 ποθοῦντα
1211 2607 1466 2696 θηρσὶν
1489 2609 1742 2674 ἄθλιον
1767 2602 1984 2695 βοράν
2000 2625 2016 2641 ·

549 2702 667 2797 [οὗ
696 2711 1107 2795 σωζόμεσθα.
1164 2711 1517 2797 Ταρτάρου
1543 2712 1676 2797 γὰρ
1705 2710 1972 2796 ὤφελεν

550 2813 782 2879 ἐλθεῖν
808 2808 1171 2901 Κιθαιρὼν
1188 2815 1300 2898 ,εἰς
1325 2807 1588 2898 ἄβυσσα
1611 2808 1934 2898 χάσματα,
2205 2825 2346 2881 1605

548 2907 622 2991 ὃς
646 2908 721 2998 μ’
754 2907 837 2981 οὗ
868 2909 1163 3001 διόλεσ’,
1193 2909 1364 2982 ἀλλὰ
1396 2917 1772 2982 δουλεῦσαί
1797 2913 1874 2982 τέ
1895 2939 2003 2999 μοι

552 3018 817 3101 δαίμων
844 3021 1056 3084 ἔδωκε
1086 3015 1410 3104 Πόλυβον
1437 3011 1612 3104 ἀμφὶ
1639 3013 2026 3101 δεσπότην.]

548 3111 815 3185 κτανών
843 3113 910 3183 δ’
942 3120 1236 3202 ἐμαυτοῦ
1263 3114 1499 3205 πατέρ’
1539 3113 1576 3187 ὁ
1605 3121 2002 3204 δυσδαίμων
2033 3113 2163 3202 ἐγώ

552 3225 648 3301 εἰς
673 3215 922 3310 μητρὸς
948 3208 1170 3308 ἦλθον
1194 3226 1313 3307 τῆς
1338 3219 1771 3308 ταλαιπώρου
1803 3222 2013 3305 λέχος,

549 3321 791 3403 παῖδας
824 3319 887 3391 τ’
922 3318 1264 3412 ἀδελφοὺς
1293 3327 1555 3410 ἔτεκον,
1586 3318 1708 3404 οὓς
1736 3318 2071 3408 ἀπώλεσα,
2205 3335 2343 3390 1610

1094 197 1562 256 ΦΟΙΝΙΣΣΑΙ

548 3555 640 3604 καὶ
677 3547 931 3620 τλήμον’,
968 3555 1031 3608 εἴ
1055 3573 1141 3616 τις
1170 3549 1338 3616 ἄλλος
1369 3549 1701 3623 ἀνθρώπων
1737 3552 1877 3624 ἔφυ·
2206 3557 2342 3611 1596
