2534 3917
177 392 321 453 ΜΕ.
403 378 452 452 ὃ
497 382 588 472 μὴ
634 384 723 452 σύ
773 382 1082 472 φράζεις,
1117 390 1257 465 πῶς
1289 386 1379 454 ἄν
1419 388 1828 475 ὑπολάβοιμ’
1873 394 2066 471 ἔπος;

177 481 479 556 ΑΓΛ.τὸ
510 483 898 573 Σισύφειον
927 488 1187 574 σπέρμα
1217 481 1418 555 πάντ’
1454 484 1645 556 οἶδεν
1672 487 1853 557 τάδε.

179 597 321 657 ME.
406 582 538 657 οὐκ
569 583 708 656 ἔστ’
734 581 1170 669 Ὀδυσσεύς”
1127 615 1165 657 ο
1198 615 1261 656 τι
1294 588 1369 657 σε
1396 584 1565 676 κάμὲ
1592 605 1903 677 πημανετ.
2088 607 2190 661 525

178 697 368 760 ΑΓΛ.
405 696 708 771 ποικίλος
737 684 844 758 ἀεὶ
870 690 1135 777 πέφυκε
1162 696 1286 759 τοῦ
1316 686 1379 758 τ’
1414 688 1617 778 όχλου
1646 694 1829 799 με’τα.

178 801 322 862 ΜΕ.
409 798 759 883 φιλοτιμία
785 792 911 879 μὲν
941 793 1268 880 ἐνέχεται,
1301 797 1506 885 δεινῷ
1534 799 1743 887 κακῷ.

175 902 367 965 ΑΓΛ.
402 888 664 965 οὐκοῦν
692 892 879 965 δόκει
903 921 1018 963 νιν
1046 890 1273 964 στάντ’
1312 897 1387 963 ἐν
1410 892 1731 985 Ἀργείοις
1758 898 1981 985 μέσοις

393 992 685 1078 λέξειν“
641 1025 685 1065 α
711 996 980 1085 Κάλχας
1005 993 1299 1085 θέσφατ’
1335 996 1716 1087 ἐξηγήσατο,

395 1094 560 1187 κᾶμ’
593 1094 682 1180 ὥς
710 1095 1010 1185 ὑπέστην
1037 1106 1231 1186 θῦμα
1262 1089 1435 1191 κᾷτα
1463 1098 1823 1187 ψεύδομαι,
2082 1118 2187 1173 530

390 1197 726 1292 Ἀρτέμιδι
753 1199 1001 1271 θύσειν
1019 1222 1034 1236 ·
1055 1192 1156 1285 οἷς
1169 1200 1600 1290 ξυναρπάσας
1628 1201 1937 1291 στρατόν,

396 1304 472 1373 σὲ
498 1299 658 1391 κάμ’
693 1299 1219 1384 ἀποκτείναντας
1241 1298 1586 1391 Ἀργείους
1614 1301 1829 1394 κόρην

643 214 1107 273 ΙΦΙΓΕΝΕΙΑ
1143 217 1216 273 Η
1243 218 1364 275 ΕΝ
1406 216 1719 275 ΑΤΛΙΔΙ
2108 214 2188 281 21

397 1404 646 1494 σφάξαι
671 1404 1000 1477 κελεύσει.
1034 1398 1165 1474 κάν
1195 1401 1617 1497 πρός”Αργος
1649 1404 1950 1495 ἐκφύγω,

396 1507 712 1588 ἐλθόντες
741 1504 969 1589 αὐτοῖς
999 1513 1287 1595 τείχεσιν
1314 1515 1746 1589 Κυκλωπίοις

394 1607 901 1699 ξυναρπάσουσι
927 1609 1043 1679 καὶ
1073 1608 1579 1692 κατασκάψουσι
1606 1617 1758 1699 γῆν.
2082 1630 2183 1684 535

397 1716 674 1781 τοιαῦτα
703 1708 877 1801 τάμὰ
905 1707 1180 1801 πήματ’.
1214 1700 1272 1780 ὦ
1300 1711 1501 1793 τάλας
1534 1710 1689 1800 ἐγώ,

395 1808 484 1895 ὥς
514 1810 855 1906 ἠπόρημαι
886 1810 1053 1905 πρὸς
1081 1820 1271 1883 θεῶν
1299 1811 1380 1883 τὰ
1408 1821 1542 1883 νῦν
1574 1814 1754 1883 τάδε.

394 1920 468 1986 ἕν
498 1943 612 2003 μοι
640 1917 977 2005 φύλαξον,
1005 1918 1405 2002 Μενέλεως,
1435 1911 1567 1985 ἀνὰ
1596 1913 1880 2006 στρατὸν

392 2015 654 2106 ἐλθιόν,
685 2016 865 2101 ὅπως
892 2014 979 2089 ἂν
1003 2016 1094 2109 μὴ
1125 2015 1686 2106 Κλυταιμνήστρα
1715 2017 1876 2086 τάδε

390 2119 614 2212 μάθῃ,
647 2125 809 2213 πρὶν
833 2118 1029 2211 ’Ἅιδῃ
1062 2116 1250 2191 παῖδ’
1289 2118 1457 2209 ἐμὴν
1484 2126 1767 2210 προσθῶ
1798 2119 2049 2211 λαβών,
2080 2139 2183 2192 540

393 2219 483 2305 ὥς
514 2219 624 2293 ἐπ’
662 2228 1026 2313 ἐλαχίστοις
1056 2222 1378 2314 δακρύοις
1408 2220 1683 2312 πράσσω
1718 2231 1959 2305 κακῶς.

390 2323 583 2413 ὑμεῖς
613 2352 685 2395 τε
715 2326 948 2417 σιγήν,
981 2316 1037 2395 ὦ
1068 2329 1286 2412 ξέναι,
1318 2324 1717 2414 φυλάσσετε.

177 2436 304 2498 XO.
397 2427 691 2518 μάκαρες
718 2438 789 2499 οἳ
811 2435 1083 2518 μετρίας
1113 2434 1287 2497 θεοῦ
1828 2450 1970 2519 στρ.

389 2530 554 2619 μετά
582 2557 654 2600 τε
685 2530 1130 2620 σωφροσύνας
1158 2534 1351 2618 μετέ-

387 2654 549 2721 σχον
578 2635 877 2723 λέκτρων
899 2629 1320 2723 Ἀφροδίτας,
2080 2650 2181 2703 545

335 2822 347 2827 -
389 2742 716 2826 γαλανείᾳ
740 2735 1144 2825 χρησάμενοι

387 2844 730 2925 μαινολῶν
759 2848 1080 2927 οἴστρων,
1113 2833 1232 2907 ὅθι
1261 2836 1347 2927 δὴ

389 2936 626 3028 δίδυμ’
653 2936 868 3031 Ἔρως
897 2935 932 3010 ὁ
961 2938 1385 3030 χρυσοκόμας

389 3036 527 3124 τόξ’
562 3046 926 3113 ἐντείνεται
952 3048 1267 3131 χαρίτων,

388 3141 460 3215 τὸ
493 3144 621 3232 μὲν
653 3140 760 3216 ἐπ’
797 3140 1077 3216 εὐαίωνι
1105 3140 1358 3237 πότμῳ,
2074 3159 2178 3215 550

387 3243 460 3317 τὸ
494 3241 563 3315 δ’
597 3249 707 3317 ἐπὶ
736 3246 1057 3338 συγχύσει
1086 3254 1332 3336 βιοτᾶς.

387 3345 699 3420 ἀπενέπω
729 3378 843 3420 νιν
873 3346 1238 3439 ἁμετέρων,

385 3449 618 3541 Κύπρι
641 3459 995 3540 καλλίστα,
1026 3448 1377 3541 θαλάμων.

793 3573 898 3626 543
912 3599 992 3608 *—
1009 3573 1109 3628 557
1136 3590 1218 3617 =
1241 3570 1441 3625 558-
1457 3569 1562 3625 572
