2534 3917
330 191 455 255 414

1073 189 1535 248 ΦΟΙΝΙΣΣΑΙ

337 371 469 432 ΕΤ.
556 367 617 431 εἰ
658 368 816 430 πᾶσι
860 358 1063 429 ταύτὸ
1110 356 1322 428 καλὸν
1347 364 1482 446 ἔφυ
1507 358 1728 447 σοφόν
1758 355 1835 427 θ’
1869 355 2028 447 ἅμα,

337 3119 471 3182 ΧΟ.

332 3325 448 3386 10.

563 460 689 533 οὐκ
720 452 809 549 ἦν
835 455 922 532 ἄν
950 458 1354 549 ἀμφίλεκτος
1383 457 1775 549 ἀνθρώποις
1802 467 1941 551 ἔρις
1961 484 1975 496 ·
2259 485 2356 534 500

563 572 696 634 νῦν
730 560 795 631 δ’
828 558 993 632 οὔθ’
1026 558 1263 650 ὅμοιον
1291 558 1498 632 οὐδὲν
1525 559 1674 631 οὔτ’
1707 572 1857 631 ὅσον
1884 571 2176 654 βροτοῖς,

562 663 741 753 πλὴν
768 662 1125 754 ὀνόμασιν,
1153 662 1228 733 τὸ
1262 660 1330 732 δ’
1365 670 1567 753 ἔργον
1595 660 1722 734 οὐκ
1751 671 1931 734 ἔστιν
1960 665 2138 734 τόδε.

563 765 691 856 ἐγώ
720 765 847 857 γὰρ
880 765 1117 853 οὐδέν,
1146 772 1353 855 μῆτερ
1371 818 1390 852 ,
1421 761 1816 855 ἀποκρύψας
1843 771 1974 856 ἐρῶ
1995 790 2010 803 ·

564 867 831 956 ἄστρων
860 864 945 938 ἂν
974 865 1241 956 ἔλθοιμ’
1281 863 1477 954 ἡλίου
1507 866 1674 957 πρὸς
1703 864 1985 948 ἀντολὰς

564 973 674 1040 καὶ
718 977 835 1054 γῆς
884 975 1125 1054 ἔνερθε
1166 967 1458 1051 δυνατὸς
1487 963 1586 1038 ὥν
1615 975 1856 1058 δρᾶσαι
1887 970 2066 1057 τάδε,
2249 992 2348 1042 505

569 1070 691 1157 τὴν
718 1079 905 1140 θεῶν
933 1078 1254 1160 μεγίστην
1281 1067 1442 1142 ὅστ’
1475 1078 1651 1158 ἔχειν
1685 1078 2074 1162 τυραννίδα.

572 1171 756 1244 τοῦτ’
791 1165 917 1244 οὖν
944 1170 1017 1244 τό
1045 1171 1369 1263 χρηστόν,
1397 1180 1603 1262 μῆτερ
1621 1223 1640 1260 ,
1675 1169 1826 1260 οὐχὶ
1853 1174 2185 1262 βούλομαι

562 1274 743 1367 ἄλλῳ
766 1291 1076 1367 παρεῖναι
1102 1282 1358 1364 μᾶλλον
1385 1270 1430 1364 ἢ
1455 1274 1688 1360 σώζειν
1717 1279 1890 1362 ἐμοί·

564 1377 893 1469 ἀνανδρία
928 1379 1089 1468 γάρ,
1124 1376 1199 1447 τὸ
1229 1379 1434 1447 πλέον
1465 1373 1645 1457 ὅστις
1673 1373 2000 1458 ἀπολέσας

565 1475 938 1551 τοῦλασσον
966 1488 1181 1568 ἔλαβε.
1216 1477 1384 1570 πρὸς
1413 1480 1489 1549 δὲ
1520 1475 1734 1550 τοῖσδ’
1767 1480 2187 1568 αἰσχύνομαι,
2243 1501 2344 1550 510

564 1582 849 1651 ἐλθόντα
879 1580 1011 1650 σὺν
1036 1577 1268 1660 ὅπλοις
1296 1580 1494 1652 τόνδε
1522 1582 1634 1651 καὶ
1663 1590 2057 1669 πορθοῦντα
2085 1590 2216 1670 γῆν

564 1699 789 1772 τυχεῖν
825 1679 867 1752 ἃ
894 1681 1145 1776 χρῄζει·
1198 1691 1312 1752 καὶ
1347 1681 1476 1773 γὰρ
1504 1678 1590 1753 ἂν
1617 1682 1870 1772 Θήβαις
1897 1684 2052 1753 τόδε

565 1782 813 1875 γένοιτ’
849 1782 1140 1872 ὄνειδος,
1173 1791 1238 1854 εί
1260 1793 1674 1875 Μυκηναίου
1703 1785 1904 1875 δορὸς

566 1889 759 1980 φόβῳ
786 1896 1073 1978 παρείην
1098 1893 1400 1977 σκῆπτρα
1431 1884 1604 1977 τάμὰ
1630 1883 1792 1978 τῷδ’
1829 1895 2025 1976 ἔχειν.

566 1997 735 2079 χρῆν
763 1987 828 2059 δ’
868 1987 1081 2060 αὐτὸν
1106 1986 1231 2076 οὐχ
1259 1985 1527 2059 ὅπλοισι
1554 1987 1670 2069 τὰς
1700 1989 2081 2078 διαλλαγάς,
2243 2011 2340 2061 515

567 2100 771 2180 μῆτερ
790 2145 809 2178 ,
840 2102 1210 2163 ποιεῖσθαι·
1245 2098 1380 2160 πᾶν
1407 2090 1536 2181 γὰρ
1568 2093 1818 2181 ἐξαιρεῖ
1843 2091 2037 2180 λόγος

564 2191 601 2265 ὃ
627 2196 739 2262 καὶ
766 2201 1039 2286 σίδηρος
1064 2200 1404 2281 πολεμίων
1433 2191 1742 2284 δράσειεν
1769 2189 1874 2261 ἄν.

564 2292 713 2366 ἀλλ’
753 2303 816 2366 εί
837 2298 963 2385 μὲν
991 2292 1205 2374 ἄλλως
1232 2295 1436 2381 τήνδε
1462 2302 1591 2383 γῆν
1621 2300 1835 2365 οἰκεῖν
1864 2297 2075 2383 θέλει,

568 2396 772 2480 ἔξεστ’
794 2422 809 2436 ·
846 2402 1063 2466 ἐκεῖνο
1092 2392 1156 2463 δ’
1191 2391 1316 2488 οὐχ
1343 2395 1518 2466 ἑκών
1533 2397 1944 2485 μαθήσομαι,

566 2495 795 2587 ἄρχειν
826 2496 1043 2586 παρόν
1070 2525 1215 2584 μοι,
1246 2503 1418 2589 τῷδε
1455 2505 1828 2569 δουλεῦσαί
1850 2526 2030 2570 ποτε.
2245 2517 2340 2568 520

564 2598 731 2689 πρὸς
758 2596 947 2668 ταῦτ’
984 2609 1100 2668 ἴτω
1128 2599 1253 2688 μὲν
1281 2608 1451 2691 πῦρ,
1484 2611 1600 2670 ἴτω
1632 2601 1708 2670 δὲ
1733 2601 2069 2690 φάσγανα,

564 2702 937 2791 ζεύγνυσθε
968 2699 1033 2771 δ’
1073 2707 1346 2790 ἵππους,
1382 2707 1582 2772 πεδία
1621 2701 1957 2791 πίμπλαθ’
2003 2699 2339 2793 ἁρμάτων,

565 2801 655 2886 ὥς
687 2801 772 2875 οὗ
803 2805 1079 2896 παρήσω
1113 2802 1275 2896 τῷδ’
1310 2803 1476 2894 ἐμὴν
1503 2811 1892 2894 τυραννίδα.

567 2917 751 2998 εἴπερ
783 2904 910 2996 γὰρ
940 2904 1200 2977 ἀδικεῖν
1226 2907 1384 2997 χρή,
1413 2912 1815 2995 τυραννίδος
1845 2911 1997 2998 πέρι

562 3008 917 3078 κάλλιστον
946 3005 1239 3096 ἀδικεῖν,
1272 3006 1477 3078 τᾶλλα
1507 3006 1574 3078 δ’
1609 3003 1918 3097 εὐσεβεῖν
1942 3009 2182 3099 χρεών.
2242 3029 2341 3080 525

555 3107 681 3179 οὐκ
712 3101 793 3179 εὖ
819 3111 1041 3198 λέγειν
1065 3108 1190 3198 χρὴ
1218 3109 1309 3199 μὴ
1334 3108 1435 3180 ’πὶ
1461 3127 1595 3192 τοῖς
1625 3118 1843 3200 ἔργοις
1871 3119 2120 3200 καλοῖς,

561 3209 644 3284 οὐ
671 3211 800 3305 γὰρ
828 3210 1038 3281 καλὸν
1065 3209 1274 3298 τοῦτ’,
1307 3209 1475 3281 ἄλλα
1503 3221 1583 3304 τῇ
1613 3219 1769 3303 δίκῃ
1799 3212 2062 3303 πικρόν.

559 3308 614 3384 ὦ
646 3319 919 3404 τέκνον,
950 3310 1074 3403 οὐχ
1100 3309 1361 3385 ἅπαντα
1395 3322 1486 3406 τῷ
1515 3314 1689 3407 γήρα
1721 3315 1916 3402 κακά,

557 3415 958 3504 Ἐτεόκλεες,
988 3415 1379 3507 πρόσεστιν·
1414 3415 1563 3486 ἀλλ’
1595 3414 1916 3506 ἡμπειρία

560 3525 693 3605 ἔχει
724 3547 786 3587 τι
814 3521 994 3600 λέξαι
1019 3525 1156 3586 τῶν
1188 3520 1364 3587 νέων
1390 3517 1796 3609 σοφώτερον.
2241 3534 2340 3586 530

2442 0 2478 356 Ἰ

2477 371 2480 469 1
