2534 3917
242 131 247 136 ’
366 167 491 232 368

376 1471 512 1534 XO.

373 1674 512 1738 ΕΚ.

1136 169 1567 228 ΤΡΩΙΑΔΕΣ
1587 193 1592 198 ·

596 341 671 409 σὲ
700 336 795 426 δ’,
830 329 885 407 οἷ
913 334 1064 426 φίλ’
1096 334 1371 430 Ἕκτορ,
1403 337 1582 427 εἶχον
1610 336 1807 431 ἄνδρ’
1841 339 2185 430 ἀρκοῦντά
2211 376 2326 435 μοι

596 444 859 524 ξυνέσει
888 443 1069 530 γένει
1100 441 1372 535 πλούτῳ
1401 469 1472 512 τε
1500 438 1827 534 κάνδρείᾳ
1854 447 2068 534 μέγαν
2085 471 2099 486 ·

595 541 932 634 ἀκήρατον
959 545 1040 612 δέ
1062 539 1135 631 μ’
1170 547 1246 613 ἐκ
1275 541 1526 634 πατρὸς
1551 542 1784 632 λαβὼν
1812 547 2040 634 δόμων
2285 569 2387 626 675

594 651 855 737 πρῶτος
882 642 957 716 τὸ
993 647 1406 736 παρθένειον
1434 645 1674 731 ἐζεύξω
1701 649 1908 735 λέχος.
2507 605 2510 720 x

595 749 709 817 καὶ
740 755 875 817 νῦν
902 743 1160 830 ὄλωλας
1185 748 1313 835 μὲν
1340 747 1462 835 σύ,
1493 756 1968 838 ναυσθλοῦμαι
1998 748 2065 822 δ’
2096 753 2230 842 ἐγώ

594 847 762 942 πρὸς
780 846 1040 920 Ἑλλάδ’
1074 850 1484 939 αἰχμάλωτος
1514 857 1608 931 είς
1635 855 1886 921 δοῦλον
1911 854 2136 943 ζυγόν.
2510 940 2511 944 ¹

597 943 708 1042 ἆρ’
740 949 867 1022 οὐκ
897 951 1152 1023 έλάσσω
1179 959 1320 1023 τῶν
1347 957 1526 1042 ἐμῶν
1552 949 1710 1042 ἡγεῖ
1732 961 1964 1024 κακῶν

596 1055 985 1143 Πολυξένης
1012 1051 1340 1146 ὄλεθρον,
1369 1051 1458 1145 ἢν
1487 1056 1944 1139 καταστένεις;
2282 1076 2386 1131 680
2510 1079 2511 1148 g

598 1159 745 1246 ἐμοὶ
773 1155 901 1247 γὰρ
930 1152 1085 1227 οὐδ’
1118 1153 1161 1226 δ’
1187 1164 1352 1227 πᾶσι
1380 1165 1680 1228 λείπεται
1707 1165 1977 1248 βροτοῖς
2509 1149 2511 1168 ¹

598 1258 910 1342 ξύνεστιν
937 1263 1157 1348 ἐλπίς,
1186 1257 1352 1330 οὐδὲ
1378 1261 1740 1348 κλέπτομαι
1771 1263 2026 1351 φρένας
2511 1271 2514 1406 ῐ

599 1362 877 1451 πράξειν
901 1389 966 1430 τι
994 1361 1272 1432 κεδνόν·
1303 1359 1440 1450 ἡδὺ
1469 1358 1534 1432 δ’
1569 1364 1708 1432 ἐστὶ
1735 1364 1851 1432 καὶ
1879 1368 2130 1434 δοκεῖν.

596 1470 691 1542 εἰς
716 1460 967 1533 ταύτὸν
994 1460 1179 1551 ἥκεις
1206 1470 1589 1556 συμφορᾶς·
1619 1471 1975 1555 θρηνοῦσα
2005 1467 2081 1536 δὲ

596 1562 673 1634 τὸ
702 1563 827 1634 σόν
853 1565 1190 1646 διδάσκεις
1216 1561 1291 1653 μ’
1325 1573 1498 1636 ἔνθα
1523 1566 1847 1655 πημάτων
1874 1576 2081 1660 κυρῶ.
2283 1587 2385 1642 685

596 1662 767 1756 αὐτὴ
796 1667 922 1755 μὲν
948 1663 1139 1738 οὔπω
1170 1665 1332 1749 ναὸς
1359 1671 1627 1758 εἰσέβην
1654 1667 1936 1758 σκάφος,
2513 1605 2516 1736 γ

599 1777 829 1861 γραφῇ
848 1765 917 1839 δ’
959 1776 1199 1841 ἰδοῦσα
1223 1772 1340 1840 καὶ
1366 1767 1651 1840 κλύουσ’
1683 1774 2057 1860 ἐπίσταμαι.

600 1871 879 1953 ναύταις
912 1871 1041 1963 γὰρ
1068 1867 1155 1960 ἦν
1181 1872 1307 1960 μὲν
1332 1875 1597 1964 μέτριος
1620 1864 1666 1964 ᾗ
1689 1872 1941 1972 χειμών
1969 1877 2230 1966 φέρειν,

602 1981 997 2066 προθυμίαν
1024 1981 1249 2062 ἔχουσι
1279 1982 1590 2064 σωθῆναι
1619 1975 1872 2062 πόνων,
2515 1939 2518 2038 5

596 2071 638 2147 ἴ)
669 2077 794 2166 μὲν
822 2073 981 2168 παρ’
1017 2073 1217 2165 οἴαχ’,
1257 2072 1296 2148 ὃ
1327 2073 1396 2147 δ’
1429 2079 1539 2148 ἐπὶ
1568 2083 1886 2166 λαίφεσιν
1910 2077 2150 2167 βεβώς,
2283 2093 2389 2149 690

599 2179 637 2251 ὃ
665 2175 731 2249 δ’
768 2175 1015 2248 ἄντλον
1044 2189 1292 2269 εἴργων
1319 2179 1508 2261 ναός·
1540 2175 1627 2268 ἦν
1656 2176 1721 2250 δ’
1755 2175 2104 2271 ὑπερβάλῃ

600 2279 811 2361 πολὺς
837 2283 1197 2372 ταραχθεὶς
1222 2280 1499 2369 πόντος,
1531 2281 1840 2363 ἐνδόντες
1873 2287 2041 2372 τύχῃ

604 2396 931 2473 παρεῖσαν
964 2379 1215 2463 αὖτοὺς
1243 2383 1562 2472 κυμάτων
1590 2383 2030 2475 δρομήμασιν.

602 2482 781 2554 οὕτω
808 2484 885 2553 δὲ
921 2481 1107 2573 κᾶγῶ
1136 2483 1332 2556 πόλλ’
1367 2493 1609 2574 ἔχουσα
1636 2487 1901 2576 πήματα

604 2584 955 2676 ἄφθογγός
984 2593 1117 2678 εἰμι
1145 2591 1261 2659 καὶ
1288 2585 1554 2680 παρεῖσ’
1589 2593 1677 2659 έῶ
1705 2589 1949 2677 στόμα·
2287 2604 2389 2661 695

603 2697 763 2782 νικᾷ
788 2689 916 2782 γὰρ
948 2687 1074 2761 οὑκ
1101 2699 1291 2761 θεῶν
1317 2718 1402 2780 με
1429 2690 1760 2780 δύστηνος
1785 2689 2080 2760 κλύδων.

600 2789 751 2863 ἀλλ’
782 2783 838 2862 ῶ
868 2801 1034 2883 φίλη
1061 2808 1215 2881 παῖ,
1241 2792 1360 2874 τὰς
1385 2794 1510 2882 μὲν
1531 2789 1842 2883 Ἕκτορος
1866 2790 2069 2880 τύχας

602 2902 803 2964 ἔασον
821 2917 835 2933 ·
867 2892 951 2964 οὗ
979 2895 1108 2985 γὰρ
1138 2894 1404 2986 δάκρυά
1435 2923 1549 2965 νιν
1576 2893 1778 2964 σω’σει
1800 2893 1884 2964 τὰ
1910 2893 2025 2963 σά·

604 3004 763 3086 τίμα
791 2997 868 3067 δὲ
893 2994 1014 3066 τὸν
1041 2997 1343 3088 παρόντα
1369 2998 1704 3086 δεσπότην
1733 3000 1963 3084 σέθεν,

603 3107 807 3187 φίλον
836 3105 1122 3169 διδοῦσα
1149 3102 1389 3190 δέλεαρ
1411 3097 1612 3190 ἀνδρὶ
1639 3107 1781 3170 σῶν
1806 3097 2097 3190 τρόπων.
2290 3111 2401 3166 700

602 3196 732 3271 κᾶν
759 3208 924 3294 δρᾷς
950 3197 1127 3290 τάδ’,
1158 3206 1252 3284 εἰς
1282 3199 1356 3271 τὸ
1383 3200 1618 3273 κοινὸν
1647 3198 2012 3292 εὐφρανεῖς
2040 3204 2292 3288 φίλους

600 3307 715 3373 καὶ
740 3310 948 3374 παῖδα
974 3303 1173 3375 τόνδε
1199 3302 1439 3387 παιδὸς
1466 3308 1866 3395 ἐκθρέψειας
1893 3297 1979 3372 ἂν

612 3414 821 3498 Τροία
846 3410 1159 3496 μέγιστον
1187 3403 1516 3496 ὠφέλημ’,
1547 3403 1635 3495 ἣν
1665 3403 1752 3476 ἄν
1780 3432 1942 3475 ποτε

603 3511 676 3578 ἐκ
705 3516 830 3578 σοῦ
858 3509 1211 3598 γενόμενοι
1241 3515 1476 3588 παῖδες
1503 3505 1789 3598 ὕστερον
1818 3510 2022 3577 πάλιν
2243 3510 2388 3796 {f
