2534 3917
268 870 406 929 XO.

266 967 398 1026 ΦΡ.

266 2173 405 2233 ΧΟ.

267 2375 399 2434 ΦΡ.

1081 214 1468 271 ΟΡΕΣΤΗΣ
2148 216 2269 278 293

499 378 666 439 αἰαῖ·
694 378 788 460 πᾷ
809 369 1039 458 φύγω,
1069 376 1284 460 ξέναι,
2136 392 2269 447 1375

493 469 732 539 πολιὸν
756 468 974 557 αὐθέρ’
1005 467 1133 556 άμ-
1186 482 1192 487 ’

495 565 824 652 πτάμενος
847 560 888 651 ἢ
920 566 1203 652 πόντον,
1245 563 1560 647 Ὠκεανὸς
1582 564 1663 634 ὃν

493 661 950 751 ταυρόκρανος
971 662 1287 749 οἷγκάλαις
1312 667 1490 732 ἑλίσ-

495 785 634 830 σων
675 770 920 829 κυκλοῖ
935 762 1192 848 χθόνα·
1175 812 1193 845 ,

498 868 564 928 τί
583 858 646 927 δ’
674 865 885 947 ἔστιν,
923 858 1183 946 Ἑλένης
1206 858 1563 948 πρόσπολ’,
1606 858 1843 929 Ἰδαῖον
1867 860 2073 944 κείρας
2135 877 2271 932 1380

481 955 689 1026 Ἴλιον
699 954 942 1044 Ἴλιον,
987 984 1158 1045 ωμοι
1181 984 1327 1045 μοι,
1367 960 1677 1045 Φρύγιον

495 1053 662 1122 ἄστυ
694 1059 805 1122 καὶ
829 1060 1246 1142 καλλίβωλον
1273 1054 1369 1124 Ἴ-

501 1148 679 1229 δας”
642 1177 800 1236 ορος
821 1152 1040 1239 ίερόν,
1067 1152 1158 1232 ω’ς
1181 1153 1242 1220 σ’
1273 1154 1601 1239 ὀλόμενον
1630 1157 1862 1237 στένω,

494 1248 853 1341 ἁρμάτειον
889 1247 1246 1340 ἁρμάτειον

493 1354 689 1441 μέλος
714 1353 1035 1446 βαρβάρῳ
1061 1359 1222 1445 βοᾷ,
1254 1352 1368 1423 διὰ
1394 1352 1468 1422 τὸ
1498 1358 1611 1433 τᾶς
2135 1370 2271 1425 1385

493 1451 945 1543 ὀρνιθόγονον
972 1452 1150 1543 ὄμμα
1177 1455 1640 1543 κυκνόπτερον

492 1557 908 1637 καλλοσύνας
935 1558 1164 1646 Λήδας
1192 1556 1499 1646 σκύμνου
1529 1556 1912 1643 δυσελένας,

491 1660 741 1740 ξεστῶν
768 1657 1129 1748 περγάμων
1149 1654 1619 1727 Ἀπολλωνίων

492 1760 758 1850 ἐρινύν·
791 1757 1040 1828 ὀτοτοῖ·

495 1864 784 1948 ἰαλέμων
817 1862 1107 1950 ἰαλέμων
2138 1876 2271 1931 1390

493 1969 849 2052 Δαρδανία
876 1963 1145 2052 τλάμων
1171 1960 1605 2051 Γανυμήδεος

498 2063 853 2155 ἱπποσύνᾳ,
865 2063 1030 2146 Διὸς
1059 2061 1318 2134 εὐνέτα.

493 2172 724 2255 σαφῶς
753 2163 894 2254 λέγ’
927 2163 1091 2255 ἡμῖν
1117 2162 1286 2235 αὕθ’
1319 2168 1561 2234 ἕκαστα
1587 2162 1711 2235 τᾶν
1740 2165 1987 2254 δόμοις.

497 2272 607 2358 [τὰ
635 2270 763 2355 γὰρ
794 2271 955 2355 πρὶν
984 2268 1110 2334 οὐκ
1144 2267 1489 2351 εὔγνωστα
1520 2267 1940 2353 συμβαλοῦσ’
1971 2272 2153 2355 ἔχω.]

497 2376 760 2437 αἴλινον
787 2378 1050 2439 αἴλινον
1079 2367 1292 2461 ἆρχαν
1318 2370 1623 2441 θανάτου
2140 2386 2268 2440 1395
2340 2396 2350 2406 ⁸

495 2469 824 2559 βάρβαροι
849 2472 1198 2561 λέγουσιν,
1230 2478 1391 2559 αἰαῖ,

489 2568 743 2641 Ἀσιάδι
771 2579 990 2663 φωνᾷ,

496 2671 893 2760 βασιλέων”’
855 2702 1016 2744 οταν
1044 2670 1206 2764 αἷμα
1231 2681 1416 2763 χυθῇ
1444 2674 1610 2744 κατὰ
1643 2682 1771 2762 γᾶν
1792 2682 2055 2762 ξίφεσιν

500 2780 911 2863 σιδαρέοισιν
932 2774 1146 2845 Ἅιδα.

495 2867 715 2964 ἧλθον
742 2880 1022 2962 δόμους,
1051 2879 1143 2945 ἵν’
1178 2878 1341 2945 αὕθ’
1371 2881 1618 2946 ἕκαστά
1648 2897 1754 2945 σοι
1783 2884 1989 2963 λέγω,
2142 2892 2273 2945 1400

496 2981 759 3059 λέοντες
776 2974 1090 3060 Ἐλλανες
1120 2979 1246 3048 δύο
1276 2976 1569 3067 διδύμω·

495 3107 588 3171 τω
619 3077 803 3169 μὲν’
771 3108 807 3149 ο
839 3081 1285 3169 στρατηλάτας
1312 3079 1531 3170 πατὴρ
1560 3081 1883 3171 ἐκλῄζετο,

493 3169 530 3247 ὁ
562 3182 637 3252 δε
665 3198 820 3263 παῖς
849 3189 1230 3273 Στροφίου,
1260 3183 1621 3271 κακόμητις
1647 3179 1840 3274 ἀνήρ,

497 3280 633 3364 οἷος
664 3281 1059 3372 Ὀδυσσεύς,
1089 3292 1245 3375 σιγᾷ
1273 3285 1515 3371 δόλιος,

496 3382 725 3465 πιστὸς
757 3386 832 3454 δὲ
859 3394 1080 3473 φίλοις
1098 3437 1117 3472 ,
1147 3383 1409 3474 θρασυς
1440 3392 1533 3465 εἰς
1560 3382 1793 3473 ἀλκάν,
2141 3398 2273 3453 1405

495 3484 770 3567 ξυνετὸς
798 3488 1113 3575 πολέμου,
1147 3485 1383 3576 φόνιός
1409 3515 1481 3557 τε
1509 3486 1802 3577 δράκων.
