2534 3917
1077 170 1464 227 ὈΡΕΣΤΗΣ
2121 172 2245 235 269

463 340 540 407 έν
566 351 702 417 τοῖς
728 352 960 417 κακοῖς
984 334 1109 424 χρὴ
1138 352 1275 416 τοῖς
1306 345 1604 424 φίλοισιν
1633 350 1925 426 ωφελεῖν
1942 363 1957 377 ·

465 436 628 508 ὅταν
657 435 726 507 δ’
761 434 795 507 ὁ
827 444 1088 526 δαίμων
1129 428 1209 507 εὖ
1237 444 1441 531 διδῷ,
1474 448 1544 507 τί
1567 445 1673 509 δεῖ
1700 448 1958 527 φίλων;

462 539 662 629 ἀρκεῖ
692 539 821 630 γὰρ
849 537 1052 620 αὐτὸς
1081 536 1116 608 ὁ
1146 539 1309 620 θεὸς
1339 538 1630 627 ὠφελεῖν
1663 546 1908 612 θέλων.

465 652 692 731 φιλεῖν
720 642 1020 732 δάμαρτα
1049 648 1252 711 πᾶσιν
1274 638 1589 730 Ἕλλησιν
1619 650 1871 721 δοκεῖς·

461 742 628 833 κούχ
657 741 1046 833 ὑποτρέχων
1073 765 1150 814 σε
1175 751 1372 813 τοῦτο
1401 754 1667 837 θωπείᾳ
1698 750 1905 834 λέγω·
2093 822 2107 831 ,
2138 764 2241 820 670

461 847 702 934 ταύτης
734 851 1056 934 ικνοῦμαί
1076 843 1166 914 σ’.
1211 874 1263 914 ω
1292 850 1523 933 μέλεος
1551 852 1730 935 ἐμῶν
1762 857 2009 937 κακῶν,

461 956 555 1029 είς
583 945 798 1018 οἷον’
753 975 915 1036 ηκω.
946 955 1018 1017 τί
1040 948 1114 1017 δὲ
1143 957 1590 1039 ταλαιπωρεῖν
1616 978 1698 1037 με
1729 957 1865 1019 δεῖ·
1848 982 1866 1034 3

459 1048 631 1140 υπὲρ
661 1048 787 1139 γὰρ
817 1060 1009 1119 οἴκου
1037 1047 1287 1131 παντὸς
1317 1051 1593 1121 ἱκετεύω
1623 1053 1801 1121 ταδε.

461 1181 512 1221 ω
542 1150 788 1243 πατρὸς
817 1180 1056 1240 ομαιμε
1083 1162 1267 1238 θεῖε,
1297 1150 1416 1247 τὸν
1444 1152 1611 1221 κατὰ
1638 1153 1885 1241 χθονὸς

461 1251 742 1324 θανόντ’
776 1251 1052 1323 ἀκούειν
1081 1253 1238 1323 ταδε
1269 1254 1454 1323 δόκει
1469 1258 1902 1343 ,ποτωμένην
2134 1274 2235 1329 675
2335 1298 2344 1304 -

461 1354 686 1443 ψυχὴν
714 1352 885 1445 ὑπερ
907 1364 1068 1443 σοῦ,
1099 1358 1212 1425 καὶ
1238 1358 1461 1445 λέγειν
1492 1353 1631 1443 ἄγω
1660 1359 1831 1444 λέγω

458 1455 646 1527 ταῦτ’
682 1468 775 1540 εἴς
803 1486 873 1527 τε
903 1457 1165 1548 δάκρυα
1192 1460 1307 1526 καὶ
1338 1456 1540 1545 γόους
1567 1460 1679 1527 καὶ
1707 1465 2076 1550 συμφοράς.

465 1571 697 1649 εἴρηκα
742 1558 1093 1649 κάπῄτηκα
1133 1557 1256 1647 τὴν
1284 1567 1643 1648 σωτηρίαν,

459 1669 698 1753 θηρῶν
726 1657 766 1731 ὃ
792 1661 1032 1742 πάντες
1060 1659 1227 1730 κούκ
1261 1660 1391 1748 ἐγώ
1422 1669 1590 1749 ζητῶ
1617 1663 1837 1750 μόνος.

233 1774 372 1836 XO.
452 1762 638 1853 κάγώ
667 1760 728 1832 σ’
763 1769 1077 1852 ἱκνοῦμαι
1105 1765 1218 1832 καὶ
1247 1762 1422 1849 γυνή
1448 1790 1573 1852 περ
1604 1755 1754 1832 οὖσ’
1789 1760 1967 1851 ὅμως
2132 1780 2236 1836 680

458 1884 593 1949 τοῖς
620 1869 1036 1954 δεομένοισιν
1064 1862 1388 1953 ὠφελεῖν·
1422 1860 1561 1946 οἷός
1590 1893 1661 1934 τε
1690 1862 1754 1935 δ’
1791 1865 1868 1933 εἴ.

228 1978 371 2038 ME
446 1965 724 2060 Ὀρέστ’,
756 1966 888 2057 ἐγώ
917 1996 1016 2037 τοι
1044 1965 1168 2037 σὸν
1195 1972 1640 2054 καταιδοῦμαι
1668 1967 1840 2056 κάρα

461 2072 573 2139 καὶ
601 2074 1017 2159 ξυμπονῆσαι
1045 2085 1187 2151 σοῖς
1213 2084 1473 2139 κακοῖσι
1505 2067 1862 2157 βούλομαι·

459 2174 572 2240 καὶ
598 2170 724 2261 χρὴ
751 2171 880 2263 γὰρ
908 2170 1085 2243 οὕτω
1115 2180 1250 2242 τῶν
1280 2168 1667 2259 ὁμαιμόνων
1696 2169 1869 2240 κακὰ

457 2282 990 2362 συνεκκομίζειν,
1024 2274 1319 2363 δύναμιν
1342 2269 1429 2361 ἢν
1459 2280 1625 2366 διδῷ
1654 2272 1817 2353 θεός
2132 2290 2233 2347 685

459 2375 868 2463 [θνήσκοντα
894 2379 1007 2446 καὶ
1035 2383 1384 2446 κτείνοντα
1413 2374 1571 2457 τοὺς
1596 2380 1967 2459 ἐναντίους]
1987 2397 2003 2413 ·

459 2474 531 2546 τὸ
564 2474 634 2546 δ’
667 2468 758 2546 αὖ
790 2478 1130 2547 δύνασθαι
1158 2476 1324 2566 πρὸς
1352 2485 1539 2547 θεῶν
1566 2478 1779 2567 χρῄζω
1806 2494 2053 2565 τυχεῖν.

456 2576 598 2667 ἥκω
628 2578 758 2668 γὰρ
789 2578 1061 2668 ἀνδρῶν
1089 2578 1453 2667 συμμάχων
1480 2577 1681 2649 κενὸν
1710 2579 1880 2670 δόρυ

459 2688 650 2769 ἔχων,
681 2681 945 2752 πόνοισι
972 2688 1239 2771 μυρίοις
1265 2676 1625 2768 ἀλώμενος,

463 2789 709 2875 σμικρᾷ
730 2782 860 2855 σὺν
887 2782 1056 2874 ἀλκῇ
1085 2790 1221 2853 τῶν
1247 2785 1701 2871 λελειμμένων
1730 2789 1971 2870 φίλων.
2134 2800 2237 2855 690

457 2886 630 2976 μάχῃ
657 2886 782 2974 μὲν
810 2878 936 2955 οὖν
963 2882 1048 2955 ἂν
1077 2883 1200 2973 ούχ
1226 2882 1778 2975 ὑπερβαλοίμεθα

457 2986 814 3075 Πελασγὸν
827 2985 1070 3078 ’Ἄργος
1087 3011 1102 3026 ·
1135 2996 1198 3057 εἰ
1223 2988 1298 3058 δὲ
1325 2996 1700 3076 μαλθακοῖς
1726 2987 1949 3073 λόγοις

458 3087 847 3178 δυναίμεθ’,
878 3087 1157 3159 ἐνταῦθ’
1192 3095 1462 3171 ἐλπίδος
1489 3090 1932 3179 προσήκομεν.

459 3208 793 3280 σμικροῖσι
821 3190 948 3283 γὰρ
975 3190 1056 3261 τὰ
1085 3191 1339 3280 μεγάλα
1368 3199 1507 3273 πῶς
1536 3195 1673 3263 ἕλοι
1698 3221 1796 3272 τις
1823 3185 1908 3258 ἂν

462 3292 807 3377 πόνοισιν;
841 3291 1096 3381 ἀμαθὲς
1124 3295 1237 3363 καὶ
1265 3293 1341 3362 τὸ
1372 3292 1742 3381 βούλεσθαι
1770 3291 1946 3361 τάδε.
2131 3303 2234 3360 695

458 3390 620 3463 ὅταν
646 3394 775 3484 γὰρ
805 3392 939 3487 ἡβᾷ
966 3402 1171 3484 δῆμος
1204 3401 1298 3476 εἰς
1326 3392 1539 3483 ὀργὴν
1567 3396 1811 3482 πεσών,

459 3491 694 3582 ὅμοιον
725 3494 892 3566 ὥστε
919 3506 1055 3583 πῦρ
1085 3500 1487 3580 κατασβέσαι
1516 3497 1800 3584 λάβρον·
