2534 3917
352 178 469 244 114

1295 179 1460 239 mlv

580 358 824 428 ταμίαν
852 374 926 416 τε
956 345 1233 418 πάντων
1260 347 1533 435 πιστόν,
1569 351 1646 417 ἐν
1673 346 1741 418 δ’
1777 347 2176 443 ἀνακτόροις
2311 375 2384 427 55

582 458 753 522 θεοῦ
785 455 1030 538 καταζῇ
1060 445 1254 538 δεῦρ’
1297 446 1406 520 ἀεὶ
1433 448 1688 537 σεμνὸν
1713 459 1890 539 βίον.

589 556 894 643 Κρέουσα
921 548 988 621 δ’
1023 547 1064 639 ἡ
1098 557 1391 620 τεκοῦσα
1411 550 1534 622 τὸν
1559 560 1844 623 νεανίαν

578 657 832 748 Ξούθῳ
858 667 1165 743 γαμεῖται
1194 660 1547 746 συμφορᾶς
1575 653 1832 725 τοιᾶσδ’
1863 652 2019 727 ὕπο.

580 753 667 846 ἦν
694 772 836 838 ταῖς
860 753 1180 844 ’Λθήναις
1206 771 1348 838 τοῖς
1374 785 1447 826 τε
1473 763 2080 847 Χαλκωδοντίδαις,

582 869 654 930 οἳ
673 867 804 949 γῆν
832 855 1057 947 ἔχουσ’
1089 855 1434 946 Εὐβοῖδα,
1465 861 1777 947 πολέμιος
1805 859 2079 932 κλύδων
2096 883 2112 900 ·
2311 883 2382 936 60

585 958 667 1031 ὃν
697 959 1129 1050 συμπονήσας
1160 961 1276 1028 καὶ
1303 959 1679 1043 ξυνεξελῶν
1706 963 1858 1051 δορὶ

585 1064 820 1153 γάμων
846 1061 1197 1153 Κρεούσης
1228 1059 1466 1150 ἀξίωμ’
1502 1065 1788 1150 ἐδέξατο,

586 1164 714 1235 οὐκ
742 1163 1020 1254 ἐγγενὴς
1050 1192 1181 1252 ων,
1214 1165 1474 1234 Αἰόλου
1501 1164 1579 1234 δὲ
1609 1171 1732 1236 τοῦ
1764 1164 1933 1246 Διὸς

586 1296 799 1358 γεγως
832 1264 1122 1355 Ἀχαιός·
1151 1266 1390 1355 χρόνια
1419 1267 1495 1336 δὲ
1521 1273 1798 1357 σπείρας
1825 1270 1980 1356 λέχη

589 1367 866 1450 άτεκνός
896 1371 1055 1457 ἐστι,
1086 1369 1203 1444 καὶ
1226 1365 1558 1458 Κρέουσ’·
1591 1397 1690 1438 ων
1737 1375 1967 1440 εἵνεκα
2305 1389 2374 1442 65

587 1467 832 1560 ἥκουσι
859 1469 1027 1560 πρὸς
1058 1467 1316 1557 μαντεῖ’
1344 1467 1759 1550 ’Λπόλλωνος
1787 1471 1968 1559 τάδε,

590 1579 789 1664 ἔρωτι
814 1578 1102 1642 παίδων.
1130 1575 1371 1656 Λοξίας
1404 1573 1482 1642 δε
1510 1571 1634 1660 τὴν
1659 1571 1871 1661 τύχην

594 1681 687 1756 εἰς
718 1670 906 1743 τοῦτ’
939 1673 1247 1763 ἐλαύνει,
1275 1671 1404 1744 κού
1433 1675 1725 1762 λέληθεν
1745 1727 1763 1762 ,
1796 1671 1884 1758 ὥς
1917 1681 2126 1745 δοκεῖ.

590 1776 799 1847 δώσει
824 1771 957 1866 γὰρ
985 1777 1366 1848 εἰσελθόντι
1393 1791 1711 1864 μαντεῖον
1737 1777 1895 1848 τόδε

591 1877 841 1972 Ξούθῳ
870 1877 993 1949 τὸν
1016 1875 1232 1950 αὑτοῦ
1261 1884 1504 1966 παῖδα,
1529 1880 1644 1947 καὶ
1675 1882 2053 1969 πεφυκέναι
2309 1895 2380 1948 70

590 1987 826 2053 κείνου
854 2001 986 2072 σφε
1014 1982 1248 2072 φήσει,
1280 1979 1530 2072 μητρὸς
1565 1976 1654 2062 ὥς
1686 1979 1911 2051 ἐλθών
1937 1979 2186 2068 δόμους

594 2090 879 2173 γνωσθῇ
908 2082 1256 2172 Κρεούσῃ,
1293 2085 1407 2152 καὶ
1431 2082 1636 2170 γάμοι
1661 2111 1734 2152 τε
1760 2086 2000 2164 Λοξίου

590 2187 879 2274 κρυπτοὶ
904 2186 1234 2272 γένωνται
1259 2199 1416 2265 παῖς
1441 2181 1503 2254 τ’
1535 2191 1650 2274 ἔχῃ
1681 2183 1762 2254 τὰ
1787 2183 2156 2274 πρόσφορα.

574 2284 780 2355 Ἴωνα
811 2282 876 2354 δ’
908 2281 1158 2372 αὐτόν,
1188 2281 1482 2376 κτίστορ’
1511 2283 1815 2368 Ἀσιάδος
1847 2282 2112 2374 χθονός,

591 2384 807 2475 ὄνομα
837 2394 1212 2476 κεκλῆσθαι
1234 2385 1518 2477 θήσεται
1545 2386 1711 2458 καθ’
1737 2385 2034 2460 Ἑλλάδα.
2307 2403 2377 2456 75

593 2484 736 2557 ἀλλ’
780 2495 875 2571 είς
899 2487 1229 2579 δαφνώδη
1256 2488 1474 2578 γύαλα
1507 2489 1798 2580 βήσομαι
1826 2488 2008 2576 τάδε,

594 2589 669 2661 τὸ
699 2591 1004 2682 κρανθὲν
1034 2587 1124 2674 ὥς
1151 2587 1239 2663 ἂν
1263 2589 1540 2680 ἐκμάθω
1570 2591 1808 2673 παιδὸς
1837 2593 2013 2680 πέρι.

594 2690 732 2785 6ρῶ
764 2694 896 2785 γὰρ
929 2697 1328 2785 ἐκβαίνοντα
1351 2697 1600 2776 Λοξίου
1629 2693 1835 2782 γόνον

590 2793 809 2884 τόνδ’,
835 2795 929 2877 ὥς
953 2795 1084 2885 πρὸ
1112 2804 1284 2866 ναοῦ
1318 2795 1588 2885 λαμπρὰ
1615 2803 1712 2887 θῇ
1739 2792 2108 2882 πυλώματα

596 2897 860 2984 δάφνης
881 2897 1257 2966 κλάδοισιν.
1295 2894 1512 2986 ὄνομα
1541 2894 1639 2984 δ’,
1667 2889 1753 2968 οὗ
1778 2899 2004 2986 μέλλει
2035 2909 2290 2984 τυχεῖν,
2313 2910 2381 2964 80

576 2993 761 3067 Ἴων’
796 2996 927 3086 ἐγώ
959 3019 1091 3086 σφε
1120 3006 1382 3088 πρῶτος
1411 2996 1714 3088 ὀνομάζω
1744 3007 1960 3090 θεῶν..

366 3107 563 3172 ΙΩΝ.
596 3094 855 3187 ἅρματα
890 3100 1016 3188 μὲν
1042 3098 1204 3168 τάδε’
1235 3099 1507 3192 λαμπρὰ
1535 3110 1938 3190 τεθρίππων

602 3197 783 3289 ἥλιος
812 3197 943 3290 ἤδη
975 3200 1222 3290 λάμπει
1284 3202 1453 3274 κατὰ
1477 3210 1629 3292 γῆν,

595 3300 805 3391 ἄστρα
834 3303 911 3373 δὲ
938 3302 1179 3392 φεύγει
1210 3313 1349 3394 πῦρ
1375 3303 1516 3375 τόδ’
1549 3298 1658 3374 ἀπ’
1691 3304 1972 3388 αἰθέρος

597 3411 691 3484 είς
716 3402 922 3491 νύχθ’
964 3405 1173 3495 ἱεράν,
2323 3422 2389 3474 85

599 3505 1070 3595 Παρνησιάδες
1099 3502 1164 3574 δ’
1204 3501 1440 3592 ἄβατοι
1465 3507 1762 3593 κορυφαὶ
