2534 3917
228 579 373 641 ΕΚ.

1059 193 1491 252 ΤΡΩΙΑΔΕΣ
2123 194 2249 260 383

467 360 559 443 ὦς
586 358 869 448 σύντομ’
904 357 1065 448 ἡμῖν
1094 357 1249 430 τάπ’
1283 364 1450 448 ἐμοῦ
1479 389 1550 430 τε
1581 359 1754 432 κᾶπό
1786 371 1912 433 σοῦ

469 471 563 545 είς
592 460 669 533 ἓν
696 460 1096 546 ξυνελθόντ’
1131 460 1353 532 οἴκαδ’
1391 458 1652 554 ὁρμήσῃ
1680 462 1958 554 πλάτην.
2118 489 2248 540 1155

461 563 665 636 θέσθ’
700 563 1117 656 ἀμφίτορνον
1143 562 1372 635 ἀσπίδ’
1400 561 1710 656 Ἕκτορος
1739 570 1943 661 πέδῳ,

460 667 726 759 λυπρὸν
754 671 977 755 θέαμα
1007 665 1131 736 κοῦ
1166 675 1370 756 φίλον
1403 669 1716 740 λεύσσειν
1747 673 1912 758 ε’μοί.

462 763 515 840 ὦ
542 767 789 859 μείζον’
823 767 1029 859 ὄγκον
1058 768 1257 859 δορὸς
1287 777 1548 858 ἔχοντες
1573 767 1618 862 ἢ
1646 781 1942 862 φρενῶν,

460 883 531 944 τί
558 869 770 960 τόνδ’,
800 869 1082 962 Ἀχαιοί,
1112 879 1323 942 παῖδα
1353 880 1697 955 δείσαντες
1725 875 1944 962 φόνον

463 974 704 1046 καινὸν
731 975 1245 1066 διειργάσασθε;
1276 975 1366 1065 μὴ
1407 985 1656 1070 Τροίαν
1683 979 1843 1047 ποτὲ
2116 999 2250 1052 1160

459 1085 798 1149 πεσοῦσαν
826 1075 1235 1169 ὀρθώσειενς
1269 1076 1476 1150 οὐδὲν
1504 1071 1608 1168 ἦτ’
1643 1077 1772 1170 ἄρα
1790 1103 1805 1118 ·

468 1178 586 1250 ὅθ’
606 1177 921 1271 Ἕκτορος
952 1181 1077 1269 μὲν
1107 1177 1553 1269 εὐτυχοῦντος
1582 1190 1676 1263 εἰς
1702 1182 1872 1271 δόρυ

463 1282 925 1371 διολλύμεσθα
952 1291 1203 1373 μυρίον
1229 1281 1292 1352 τ’
1325 1281 1529 1373 ἄλλης
1555 1284 1748 1376 χερός
1765 1307 1780 1320 ·

462 1386 717 1466 πόλεως
747 1384 814 1456 δ’
852 1384 1146 1475 ἁλούσης
1171 1389 1286 1455 καὶ
1314 1395 1611 1480 Φρυγῶν
1638 1390 2092 1477 ἐφθαρμένων

460 1491 712 1580 βρέφος
741 1486 1005 1560 τοσόνδ’
1040 1486 1370 1572 ἐδείσατ’;
1400 1485 1525 1559 οὐκ
1555 1497 1724 1560 αἰνῶ
1755 1489 1995 1579 φόβον,
2115 1511 2246 1563 1165

462 1589 639 1672 ὅστις
667 1601 975 1681 φοβεῖται
1001 1590 1090 1681 μὴ
1121 1590 1492 1675 διεξελθών
1517 1591 1717 1686 λόγῳ.

465 1686 519 1764 ὦ
550 1693 856 1784 φίλταθ’,
895 1692 984 1774 ὥς
1016 1716 1121 1764 σοι
1151 1695 1448 1777 θάνατος
1475 1687 1648 1785 ἦλθε
1684 1696 2036 1785 δυστυχής.

464 1804 527 1864 εἰ
548 1797 673 1883 μὲν
700 1795 829 1887 γαρ
860 1804 1102 1878 ἔθανες
1129 1796 1260 1888 πρὸ
1292 1797 1582 1886 πόλεως,
1615 1795 1786 1886 ἥβης
1818 1799 2041 1886 τυχών

459 1899 693 1986 γάμων
720 1927 792 1969 τε
820 1901 934 1970 καὶ
961 1907 1076 1988 τῆς
1106 1901 1384 1970 ἰσοθέου
1412 1905 1834 1991 τυραννίδος,

458 1999 782 2089 μακάριος
818 1991 981 2089 ἦσθ’
1019 1999 1139 2090 ἄν,
1170 2011 1320 2072 εἴτι
1347 2009 1563 2073 τῶνδε
1591 2001 1944 2091 μακάριον.
2115 2021 2247 2074 1170

459 2109 593 2172 νῦν
625 2099 693 2171 δ’
730 2099 883 2170 αὕτ’
911 2100 1077 2169 ίδων
1099 2100 1223 2186 μὲν
1250 2100 1460 2184 γνούς
1484 2123 1551 2168 τε
1572 2107 1652 2190 τῇ
1677 2107 1886 2189 ψυχῇ,
1922 2105 2181 2186 τέκνον,

464 2201 591 2274 οὐκ
621 2201 830 2293 οἶσθ’,
862 2205 1117 2295 ἐχρήσω
1147 2201 1215 2273 δ’
1248 2201 1455 2276 οὐδὲν
1482 2209 1555 2275 ἐν
1583 2206 1813 2294 δόμοις
1843 2211 2034 2293 ἔχων.

464 2306 787 2395 δύστηνε,
818 2306 1060 2399 κρατὸς
1088 2303 1178 2388 ὥς
1207 2303 1276 2376 σ’
1309 2315 1570 2399 ἔκειρεν
1597 2305 1851 2388 ἀθλίως

461 2415 643 2497 τείχη
673 2416 980 2502 πατρῷα,
1006 2413 1253 2492 Λοξίου
1285 2410 1716 2501 πυργώματα,

462 2507 545 2580 ὃν
571 2508 765 2580 πόλλ’
800 2508 1115 2599 έκήπευσ’
1149 2508 1189 2600 ἡ
1219 2521 1506 2584 τεκοῦσα
1537 2513 1935 2612 βόστρυχονο
2113 2529 2246 2582 1175

465 2613 836 2702 φιλήμασίν
864 2610 922 2683 τ’
959 2620 1247 2702 ἔδωκεν,
1281 2621 1487 2684 ἔνθεν
1516 2619 1754 2705 ἐκγελᾷ

463 2712 716 2785 ὀστέων
743 2718 1087 2805 ῥαγέντων
1116 2715 1362 2805 φόνος,
1397 2714 1487 2786 ἵν’
1522 2713 1758 2804 αἰσχρὰ
1785 2713 1874 2802 μὴ
1907 2715 2100 2804 λέγω.

465 2809 520 2920 τό
544 2833 792 2910 χεῖρες,
830 2814 917 2899 ὥς
946 2816 1171 2899 είκούς
1196 2818 1321 2905 μὲν
1349 2814 1577 2906 ἡδείας
1605 2814 1854 2906 πατρὸς

462 2917 808 3008 κέκτησθ’,
841 2923 915 2990 ἐν
944 2918 1227 3011 ἄρθροις
1256 2917 1322 2989 δ’
1360 2929 1620 2990 ἔκλυτοι
1664 2918 2027 3009 πρόκεισθε
2057 2925 2210 2985 νῦν.

464 3012 519 3090 ὦ
545 3020 757 3093 πολλὰ
785 3023 1084 3112 κόμπους
1111 3021 1400 3113 ἐκβαλὸν
1427 3029 1629 3113 φίλον
1659 3021 1887 3110 στόμα,
2109 3035 2245 3089 1180

460 3120 750 3214 ὄλωλας,
784 3127 1048 3208 ἐψεύσω
1080 3123 1177 3214 μ’,
1209 3122 1309 3197 ὅτ’
1342 3133 1707 3196 εἰσπίπτων
1733 3126 1939 3214 λέχος,

462 3217 517 3294 ὦ
544 3234 784 3319 μῆτερ,
821 3226 1064 3317 ηὔδας,
1094 3219 1140 3318 ἦ
1166 3229 1385 3299 πολύν
1411 3251 1515 3300 σοι
1542 3227 1930 3317 βοστρύχων

463 3329 808 3417 πλόκαμον
834 3338 1162 3421 κεροῦμαι
1189 3330 1356 3419 πρὸς
1386 3331 1602 3420 τάφον
1631 3327 1705 3398 θ’
1739 3326 2080 3417 ὁμηλίκων

464 3429 731 3517 κώμους
766 3433 1017 3520 ἐπάξω,
1051 3440 1216 3523 φίλα
1246 3430 1481 3513 διδοῦς
1509 3433 2058 3521 προσφθέγματα.

463 3531 549 3600 σύ
583 3529 649 3601 δ’
684 3530 809 3603 οὐκ
841 3531 971 3622 ἔμ’,
1010 3531 1157 3604 ἀλλ’
1191 3533 1321 3623 ἐγω
1352 3533 1424 3604 σὲ
1455 3531 1574 3603 τὸν
1600 3533 1934 3622 νεώτερον
2108 3547 2242 3599 1185
