2534 3917
202 591 337 652 XO.

199 895 339 955 OA.

187 1807 332 1868 XO.

202 3125 346 3187 OA.

1012 208 1307 267 ΚΥΚΛΩ.
1321 209 1389 266 Ψ
2079 207 2200 276 187

427 378 982 468 παρηυτρέπισται
1011 374 1078 447 δ’
1113 374 1320 446 οὐδὲν
1350 374 1513 446 ἄλλο
1542 375 1719 465 πλὴν
1748 385 2016 468 πυροῦν

424 480 791 559 Κύκλωπος
817 475 1008 560 ὄψιν·
1041 476 1192 548 ἀλλ’
1225 475 1407 560 ὅπως
1434 475 1605 568 ἀνὴρ
1635 487 1790 548 ἔσει.
2098 499 2199 553 595

423 585 665 671 πέτρας
690 578 765 649 τὸ
793 586 969 667 λῆμα
994 577 1415 668 κᾶδάμαντος
1442 582 1695 668 ἕξομεν.

420 683 621 772 χώρει
648 678 713 751 δ’
749 684 816 762 ἐς
845 691 1104 768 οἴκους,
1133 688 1299 806 πρίν
1326 710 1390 751 τι
1417 678 1538 750 τὸν
1565 684 1818 771 πατέρα
1846 692 2097 753 παθεῖν

425 782 846 871 ἀπάλαμνον,
877 810 967 862 ως
993 806 1099 852 σοι
1127 769 1415 852 τάνθάδ’
1448 783 1629 852 ἐστὶν
1657 779 1965 874 εὐτρεπῆ.

407 880 727 972 “Ηφαιστ’
762 881 923 966 αναξ
934 891 1262 1009 Αἰτναῖε,
1292 892 1591 973 γείτονος
1619 891 1834 954 κακοῦ

423 983 730 1075 λαμπρὸν
757 985 1072 1075 πυρώσας
1099 983 1257 1074 ὄμμ’
1292 982 1764 1074 άπαλλάχθηθ’
1798 981 1991 1072 ἅπαξ,
2094 1002 2197 1057 600

421 1088 508 1157 σύ
535 1085 596 1157 τ’
631 1115 682 1156 ω
710 1094 1025 1176 μελαίνης
1049 1084 1323 1168 Νυκτὸς
1350 1084 1747 1174 ἐκπαίδευμ’
1756 1139 1774 1173 ,
1789 1083 2017 1174 “Τπνε,

423 1187 707 1278 άκρατος
733 1189 892 1257 ἐλθὲ
918 1191 1085 1277 θηρὶ
1112 1195 1204 1281 τῷ
1231 1199 1613 1275 θεοστυγεῖ,

421 1292 534 1360 καὶ
559 1289 647 1379 μὴ
675 1287 776 1360 π’),
803 1296 1213 1359 καλλίστοισι
1249 1298 1571 1379 Τρωικοῖς
1600 1288 1832 1369 πόνοις

421 1389 630 1462 αὐτόν
654 1418 726 1461 τε
752 1391 1001 1471 ναύτας
1029 1388 1088 1459 τ’
1121 1387 1473 1478 ἆπολέσητ’
1504 1386 1825 1460 Ὀδυσσέα

422 1489 540 1563 ὑπ’
545 1490 907 1618 ἀνδρός,
883 1484 940 1562 ὦ
965 1499 1153 1562 θεῶν
1178 1488 1454 1563 ούδὲν“
1408 1519 1452 1580 η
1480 1499 1743 1580 βροτῶν
1770 1495 1973 1580 μέλει.
2093 1507 2192 1562 605

421 1589 466 1682 ἢ
492 1594 615 1683 τὴν
643 1592 853 1682 τύχην
879 1623 1001 1683 μεν
1028 1592 1295 1683 δαίμον’
1328 1591 1644 1683 ἡγεῖσθαι
1667 1594 1905 1683 χρεών,

421 1693 502 1764 τὰ
533 1695 872 1785 δαιμόνων
901 1696 976 1765 δὲ
1003 1703 1117 1784 τῆς
1146 1697 1348 1784 τύχης
1376 1695 1801 1766 ἐλάσσονα..

420 1798 698 1886 λήψεται
725 1795 845 1866 τὸν
874 1796 1204 1887 τράχηλον

420 1901 706 1980 ἐντόνως
735 1895 770 1967 ὁ
800 1905 1118 1989 καρκίνος

420 2007 544 2069 τοῦ
571 2002 782 2083 ξένων
810 2000 1242 2087 δαιτυμόνος·
1273 1999 1439 2088 πυρὶ
1467 1995 1595 2088 γὰρ
1624 1997 1789 2084 τάχα
2092 2015 2195 2068 610

422 2100 832 2191 φωσφόρους
858 2097 1005 2170 ὀλεῖ
1025 2100 1229 2190 κόρας
1244 2123 1259 2138 ·

418 2199 548 2291 ἤδη
578 2200 780 2282 δαλὸς
793 2199 1329 2293 ἠνθρακωμένος

420 2306 782 2395 κρύπτεται
810 2311 904 2383 εἰς
929 2303 1250 2391 σποδιάν,
1282 2301 1488 2392 δρυὸς
1515 2300 1804 2374 ἄσπετον
1831 2308 2042 2392 ἔρνος.
2094 2316 2193 2372 615

422 2403 568 2474 ἀλλ’
603 2415 720 2474 ἴτω
746 2405 1034 2493 Μάρων,
1063 2408 1441 2494 πρασσέτω·

423 2509 831 2596 μαινομένου
851 2504 1111 2588 ’ξελέτω
1139 2509 1485 2595 βλέφαρον

421 2609 824 2695 Κύκλωπος,
858 2603 947 2688 ὥς
976 2615 1095 2697 πίῃ
1124 2615 1362 2687 κακῶς.

421 2707 604 2798 κᾶγώ
635 2707 753 2779 τὸν
781 2709 1353 2798 φιλοκισσοφόρον
1379 2706 1674 2793 Βρόμιον
2095 2721 2194 2774 620

423 2809 747 2882 ποθεινὸν
775 2815 1052 2880 εἰσιδεῖν
1077 2811 1282 2897 θέλω,

425 2913 795 2993 Κύκλωπος
821 2911 1038 2981 λιπῶν
1063 2915 1365 3003 ἐρημίαν.

423 3007 534 3105 ἆρ’
567 3019 633 3096 ἐς
658 3011 924 3085 τοσόνδ’
962 3012 1316 3103 ἀφίξομαις

429 3124 656 3204 σιγᾶτε
685 3113 852 3206 πρὸς
877 3123 1097 3203 θεῶν,
1126 3122 1371 3205 θῆρες,
1397 3110 1771 3202 ἡσυχάζετε,

425 3220 792 3296 συνθέντες
820 3213 1046 3308 ἄρθρα
1074 3217 1425 3304 στόματος·
1456 3213 1619 3285 οὐδὲ
1646 3227 1841 3284 πνεῖν
1869 3214 1979 3298 ἐῶ,
2094 3224 2193 3280 625

423 3315 508 3389 οὗ
535 3319 1075 3408 σκαρδαμύσσειν
1101 3314 1263 3387 οὐδὲ
1298 3319 1758 3405 χρέμπτεσθαί
1779 3339 1951 3399 τινα,

427 3417 517 3500 ὥς
542 3419 630 3509 μὴ
651 3417 964 3509 ’ξεγερθῇ
992 3417 1066 3488 τὸ
1095 3418 1340 3505 κακόν,
1369 3413 1503 3485 ἔστ’
1540 3413 1625 3485 ἂν
1652 3414 1941 3502 ὄμματος

430 3517 583 3603 ὄψις
610 3520 983 3600 Κύκλωπος
1010 3523 1419 3608 ἐξαμιλληθῇ
1451 3524 1639 3606 πυρί.
