2534 3917
305 184 356 248 θ’
763 189 1228 249 ΙΦΙΓΕΝΕΙΑ
1269 190 1335 245 H
1371 190 1490 245 EN
1532 188 1845 246 ΑΤΛΙΔῙ

555 358 754 440 ἀλλος
781 386 878 441 τις
907 354 1120 449 ὤφελ’
1157 354 1309 429 ἀντ’
1342 361 1505 445 ἐμοῦ
1535 364 1769 445 λαβεῖν
1799 356 1971 428 τόδε.

552 460 1010 553 ἠθροισμένου
1037 461 1114 531 δὲ
1143 462 1257 531 καὶ
1286 463 1693 543 ξυνεστῶτος
1721 466 2029 549 στρατοῦ,
2098 506 2121 523 .

553 562 804 656 ἥμεσθ’
838 561 1085 655 ἀπλοίᾳ
1110 562 1442 654 χρεόμενοι
1470 558 1617 632 κατ’
1650 558 1939 632 Αὐλίδα.

555 666 824 755 Κάλχας
851 664 920 737 δ’
951 662 987 737 ὃ
1016 666 1251 755 μάντις
1284 662 1533 755 ἀπορία
1560 668 1993 755 κεχρημένοις

556 769 826 841 ἀνεῖλεν
857 766 1259 860 Ἰφιγένειαν
1288 764 1375 857 ἣν
1402 764 1656 856 ἔσπειρ’
1688 765 1819 856 ἐγὼ
2266 787 2335 841 90

548 871 884 963 Ἀρτέμιδι
910 878 1125 941 θῦσαι
1152 880 1234 962 τῇ
1264 867 1411 943 τόδ’
1444 868 1726 959 οἰκούσῃ
1755 873 1985 955 πέδον,

555 978 670 1045 καὶ
699 980 920 1044 πλοῦν
945 971 1010 1043 τ’
1047 980 1324 1044 ἔσεσθαι
1352 976 1465 1042 καὶ
1492 970 1925 1062 κατασκαφὰς
1952 980 2251 1061 Φρυγῶν

555 1074 877 1173 [θύσασῃ
907 1074 998 1166 μὴ
1026 1076 1281 1147 θύσασι
1309 1072 1375 1146 δ’
1408 1071 1535 1145 ούκ
1566 1074 1739 1145 εἶναι
1765 1071 1980 1167 τάδε]

553 1180 785 1251 κλύων
813 1176 884 1249 δ’
917 1175 1048 1269 ἐγώ
1077 1174 1547 1270 ταῦτ’,ὀρθίῳ
1574 1176 1950 1268 κηρύγματι

563 1280 956 1371 Ταλθύβιον
985 1282 1175 1353 εἷπον
1203 1276 1401 1351 πάντ’
1432 1278 1709 1371 ἀφιέναι
1736 1278 2041 1370 στρατόν,
2262 1298 2330 1353 95

557 1383 647 1466 ὡς
675 1381 916 1456 οὔποτ’
948 1380 1035 1454 ἀν
1060 1382 1218 1464 τλὰς
1245 1387 1593 1474 θυγατέρα
1620 1400 1895 1453 κτανεῖν
1922 1382 2109 1471 ἐμήν.

555 1480 641 1559 οὗ
669 1487 754 1577 δή
781 1484 854 1573 μ’
889 1482 1184 1576 ἀδελφὸς
1211 1485 1429 1556 πάντα
1457 1489 1866 1575 προσφέρων
1892 1484 2098 1572 λόγον

557 1598 777 1661 ἔπεισε
806 1596 1041 1680 τλῆναι
1069 1588 1279 1660 δεινά.
1311 1586 1443 1658 κάν
1470 1590 1707 1658 δέλτου
1736 1602 2014 1675 πτυχαῖς

555 1693 816 1783 γράψας
843 1698 1104 1781 ἔπεμψα
1131 1690 1299 1781 πρὸς
1329 1690 1630 1780 δάμαρτα
1659 1689 1783 1777 τὴν
1809 1688 1977 1778 ἐμὴν

547 1798 842 1867 στέλλειν
875 1792 1164 1883 Ἀχιλλεῖ
1187 1790 1515 1884 θυγατέρ’
1552 1787 1641 1873 ὡς
1668 1795 2123 1882 γαμουμένην,
2234 1814 2333 1865 100

556 1896 632 1969 τό
660 1895 722 1967 τ’
757 1894 1012 1986 ἀξίωμα
1040 1894 1329 1986 τάνδρὸς
1358 1894 1920 1987 ἐκγαυρούμενος,

555 2009 890 2091 συμπλεῖν
915 1997 978 2071 τ’
1020 1996 1303 2093 Ἀχριιοῖς
1334 1994 1567 2069 οὕνεκ’
1600 1996 1683 2069 ού
1713 2001 1907 2068 θέλοι
1934 2000 2174 2086 λέγων,

557 2111 623 2175 εἰ
642 2102 742 2193 μὴ’
762 2101 924 2191 παρ’
956 2100 1150 2193 ἡμῶν
1180 2102 1351 2172 εἶσιν
1382 2108 1477 2183 εἰς
1504 2109 1738 2171 Φθίαν
1766 2103 1985 2189 λέχος·

555 2204 776 2276 πειθώ
805 2203 934 2295 γάρ
968 2206 1148 2293 εἶχον
1175 2204 1380 2294 τήνδε
1406 2202 1576 2294 πρὸς
1604 2200 1891 2291 δάμαρτ’
1922 2203 2109 2292 ἐμήν,

553 2314 776 2398 ψευδῆ
804 2304 1314 2397 συνάψαςάμφὶ
1341 2308 1694 2395 παρθένου
1722 2304 1957 2397 γάμον.
2228 2324 2333 2378 105

554 2409 751 2500 μόνοι
779 2408 848 2479 δ’
887 2406 1169 2499 ’Λχαιῶν
1197 2421 1392 2498 ἴσμεν
1421 2405 1511 2489 ὦς
1539 2415 1672 2497 ἔχει
1697 2408 1857 2479 τάδε

554 2511 822 2601 Κάλχας
842 2510 1208 2593 Ὀδυσσεὺς
1237 2510 1599 2593 Μενέλεώς
1627 2509 1729 2581 θ’.
1774 2508 1819 2580 οἳ
1845 2508 1912 2581 δ’
1946 2508 2029 2581 ού
2059 2518 2279 2593 καλῶς

558 2622 778 2706 ἔγνων
803 2613 968 2704 τότ’,
997 2606 1202 2697 αὖθις
1228 2614 1637 2706 μεταγράφω
1664 2619 1881 2693 καλῶς
1909 2612 2114 2681 πάλιν

559 2729 654 2801 εἰς
683 2719 885 2808 τήνδε
913 2724 1185 2807 δέλτον,
1215 2716 1304 2808 ἣν
1332 2714 1480 2789 κατ’
1516 2714 1857 2807 εὐφρόνης
1894 2714 2091 2781 σκιὰν

556 2822 807 2893 λύοντα
834 2823 948 2892 καὶ
975 2821 1363 2892 συνδοῦντά
1389 2818 1462 2910 μ’
1496 2825 1806 2905 εἰσεῖδες,
1835 2820 2055 2907 γέρον..
2232 2836 2334 2889 110

557 2920 693 2993 ἀλλ’
729 2922 831 2993 εἷα
857 2922 1061 3013 χαίρει
1089 2920 1283 2995 τάσδ’
1314 2921 1664 3003 ἐπιστολὰς
1690 2919 1920 3011 λαβὼν

556 3023 722 3114 πρὸς
745 3022 1012 3116 ”Αργος.
1043 3020 1088 3096 ἃ
1116 3026 1192 3096 δὲ
1219 3029 1511 3097 κέκευθε
1540 3028 1770 3105 δέλτος
1800 3028 1875 3094 ἐν
1902 3038 2205 3110 πτυχαῖς,

553 3128 736 3221 λόγῳ
765 3127 1005 3219 φράσω
1036 3148 1142 3198 σοι
1172 3128 1391 3199 πάντα
1418 3126 2009 3218 τάγγεγραμμένα·

552 3228 782 3312 πιστὸς
808 3229 936 3321 γάρ
965 3226 1184 3324 ἀλόχῳ
1212 3248 1348 3313 τοῖς
1379 3228 1441 3301 τ’
1474 3236 1655 3320 ἐμοῖς
1682 3230 1992 3318 δόμοισιν
2020 3226 2100 3298 εἷ.

316 3342 450 3406 ΠΡ.
545 3335 699 3421 λέγε
726 3336 840 3404 καὶ
867 3330 1164 3423 σήμαιν’,
1199 3339 1311 3404 ἵνα
1343 3336 1457 3403 καὶ
1484 3332 1753 3425 γλώσσῃ
2227 3346 2325 3403 117

553 3434 846 3506 σύντονα
876 3452 1012 3517 τοῖς
1040 3452 1180 3517 σοῖς
1208 3436 1591 3527 γράμμασιν
1619 3432 1833 3505 αὐδῶ.
2227 3454 2326 3504 118

308 3546 518 3609 ΑΓΛ.
559 3540 795 3627 πέμπω
826 3558 931 3609 σοι
957 3536 1126 3629 πρὸς
1152 3555 1296 3620 ταῖς
1325 3538 1630 3627 πρόσθεν
2226 3554 2323 3607 115
