2534 3917
586 195 1051 255 ΙΦῙΓΕΝΕΙΑ
1093 195 1165 252 Η
1206 193 1326 253 ΕΝ
1374 195 1752 254 ΤΑΤΡΟΙΣ
2085 195 2167 259 65

386 363 530 436 ἔνθ’
555 363 857 453 ’Ἄρτεμίς
882 386 988 434 σοι
1008 365 1342 453 σύγγονος
1369 361 1642 454 βωμούς
1671 371 1827 452 ἔχει,

386 477 616 558 λαβεῖν
643 466 704 537 τ’
738 465 1009 556 ἄγαλμα
1034 474 1238 554 θεᾶς,
1269 463 1309 537 ὅ
1338 490 1547 554 φασιν
1575 467 1824 538 ἐνθάδε

388 577 479 652 εἰς
505 571 754 641 τούσδε
780 569 990 651 ναοὺς
1020 567 1326 660 οὐρανοῦ
1357 586 1589 640 πεσεῖν
1615 566 1748 639 ἄπο
1765 593 1779 606 ·

379 673 671 762 λαβόντα
700 670 766 743 δ’
798 668 843 760 ἦ
870 675 1209 760 τέχναισιν
1236 667 1282 762 ἦ
1309 672 1476 764 τύχῃ
1504 679 1660 760 τινί,

380 781 711 845 κίνδυνον
739 771 1169 862 ἐκπλήσαντ’,
1194 771 1579 863 Ἀθηναίων
1605 778 1810 863 χθονὶ
2095 791 2166 846 90

384 883 660 947 δοῦναι·
692 875 769 948 τὸ
800 874 865 946 δ’
902 874 1175 948 ἐνθένδ’
1212 874 1421 948 οὐδὲν
1449 878 1710 966 ἐρρήθη
1741 880 1943 968 πέρα·

380 982 491 1048 καὶ
518 987 733 1049 ταῦτα
758 975 1079 1070 δράσαντ’
1114 976 1416 1068 ἀμπνοὰς
1445 983 1622 1064 ἕξειν
1649 980 1902 1050 πόνων.

384 1078 524 1169 ἥκω
556 1082 633 1150 δὲ
662 1083 968 1162 πεισθεὶς
996 1097 1141 1163 σοῖς
1170 1082 1473 1170 λόγοισιν
1503 1082 1756 1152 ἐνθάδε

382 1181 728 1271 ἄγνωστον
759 1190 853 1264 εἰς
882 1190 1043 1273 γῆν,
1076 1181 1335 1266 ἄξενον.
1365 1185 1440 1253 σὲ
1481 1181 1548 1253 δ’
1585 1189 1848 1271 ἱστορῶ,

380 1285 699 1374 Πυλάδη,
730 1285 818 1356 σὺ
848 1286 977 1376 γάρ
1006 1313 1120 1374 μοι
1148 1290 1353 1356 τοῦδε
1382 1284 1782 1375 συλλήπτωρ
1813 1283 2052 1374 πόνου,
2095 1301 2164 1356 95

377 1395 447 1456 τί
470 1393 775 1478 δρῶμεν;
806 1385 1280 1479 ἀμφίβληστρα
1307 1386 1436 1477 γὰρ
1466 1395 1712 1475 τοίχων
1741 1384 1903 1480 ὁρᾷς

378 1487 637 1578 ὑψηλά·
671 1490 921 1579 πότερα
938 1483 1278 1574 κλιμάκων
1307 1489 1804 1580 προσαμβάσεις

382 1593 887 1680 ἐκβησόμεσθα,
918 1597 1060 1672 πῶς
1089 1621 1174 1660 αν
1203 1585 1334 1662 οὖν
1361 1589 1764 1681 λάθοιμεν”
1722 1621 1843 1675 αν;

382 1689 424 1781 ἦ
448 1695 901 1781 χαλκότευκτα
928 1700 1197 1783 κλῇθρα
1222 1694 1546 1775 λύσαντες
1571 1703 1858 1782 μοχλοις,

9 1805 17 1932 ²}
385 1787 504 1865 οἷδ’
541 1793 755 1866 οὐδὸν
785 1803 1049 1884 ἔσιμεν,
1079 1791 1167 1884 ἦν
1195 1795 1261 1866 δ’
1297 1793 1685 1885 ἀνοίγοντες
1713 1796 1928 1876 πύλας
2063 1813 2164 1866 100

381 1906 757 1988 ληφθῶμεν
788 1899 1119 1987 είσβάσεις
1148 1925 1219 1968 τε
1246 1897 1741 1987 μηχανώμενοι,

380 1997 793 2089 θανούμεθ’.
825 1997 994 2070 ἀλλὰ
1021 2002 1185 2090 πρὶν
1212 2010 1492 2087 θανεῖν,
1523 1998 1695 2078 νεῶς
1725 2005 1833 2067 ἔπι

382 2103 778 2193 φεύγωμεν,
808 2094 983 2194 ᾗπερ
1014 2099 1205 2194 δεῦρ’
1240 2101 1843 2190 ἐναυστολήσαμεν.

162 2212 291 2273 ΠΤ.
381 2205 668 2294 φεύγειν
696 2205 821 2294 μὲν
851 2203 977 2275 οὐκ
1008 2202 1293 2276 ἀνεκτὸν
1323 2201 1476 2274 οὐδ’
1513 2204 1881 2292 εἰώθαμεν·

380 2307 499 2376 τὸν
524 2315 649 2376 τοῦ
676 2315 849 2400 θεοῦ
880 2307 955 2377 δὲ
982 2307 1282 2397 χρησμὸν
1313 2302 1397 2377 οῦ
1425 2307 1798 2378 κακιστέον.
2063 2325 2162 2378 105

378 2417 553 2480 ναοῦ
583 2407 651 2478 δ’
686 2407 1191 2496 ἀπαλλαχθέντε
1219 2410 1590 2499 κρύψωμεν
1618 2412 1820 2498 δέμας

380 2509 529 2582 κατ’
565 2509 758 2597 ἄντρ’
795 2507 837 2580 ὁὶ
864 2512 1107 2593 πόντος
1134 2518 1355 2582 νοτίδι
1387 2512 1726 2596 διακλύζει
1754 2513 1976 2600 μέλας,

379 2613 551 2694 νεῶς
579 2611 894 2701 ἄπωθεν,
924 2613 1014 2703 μή
1041 2643 1139 2696 τις
1170 2613 1445 2684 εἰσιδῶν
1473 2613 1728 2702 σκάφος

381 2723 775 2804 βασιλεῦσιν
806 2725 959 2806 εἴπῃ
1000 2707 1169 2808 κᾷτα
1196 2723 1573 2806 ληφθῶμεν
1602 2721 1738 2806 βίᾳ.

384 2815 547 2888 ὅταν
588 2818 665 2887 δὲ
692 2817 938 2898 νυκτὸς
968 2815 1145 2907 ὄμμα
1173 2825 1456 2908 λυγαίας
1483 2818 1677 2907 μόλῃ,
2068 2836 2163 2888 uo

382 2924 747 3009 τολμητέον
771 2946 873 2988 τοι
891 2919 1124 3003 ξεστὸν
1154 2925 1227 2990 ἐκ
1256 2928 1431 2990 ναοῦ
1460 2927 1696 3008 λαβεῖν

382 3019 647 3110 ἄγαλμα
675 3021 888 3103 πάσας
915 3026 1378 3113 προσφέροντε
1406 3022 1720 3112 μηχανάς.

383 3121 513 3215 ὅρα
539 3125 615 3194 δὲ
644 3140 834 3213 γεῖσα
861 3125 1256 3214 τριγλύφων
1285 3121 1442 3194 ὅποι
1469 3124 1673 3195 κενὸν

380 3229 584 3316 δέμας
612 3238 925 3296 καθεῖναι
946 3251 960 3264 ·
992 3226 1149 3308 τοὺς
1177 3227 1429 3308 πόνους
1467 3225 1596 3317 γὰρ
1627 3222 1877 3315 ἁγαθοὶ

381 3335 706 3418 τολμῶσι,
738 3332 951 3399 δειλοὶ
980 3326 1050 3398 δ’
1088 3331 1261 3398 εἰσὶν
1291 3327 1497 3399 οὐδὲν
1525 3325 1851 3415 οὐδαμοῦ.
2063 3345 2162 3397 115

152 3441 285 3502 ΟΡ.
385 3428 562 3500 οῦτω
592 3431 852 3522 μακρὸν
878 3433 1003 3520 μὲν
1030 3427 1337 3520 ἤλθομεν
1371 3431 1562 3519 κῶπῃ
1593 3428 1828 3517 πόρον,

386 3537 459 3602 ἐκ
488 3533 831 3623 τερμάτων
860 3533 935 3603 δὲ
962 3533 1207 3604 νόστον
1236 3531 1538 3622 ἀροῦμεν
1566 3531 1768 3599 πάλιν
1803 3553 1820 3603 3

318 3653 498 3692 Evam.
538 3653 665 3694 vot..
713 3637 777 3692 11.
1781 3625 1819 3682 5

9 3829 621 3883 *fii-22³„
