2534 3917
620 156 1090 217 ΙΦΙΓΕΝΕῙΑ
1130 160 1204 217 H
1238 158 1359 218 EN
1396 161 1713 220 ΑΤΛΙΔῙ
2106 159 2188 223 19

408 321 728 411 δῶσουσ’,
759 321 853 392 ἵν’
884 321 1054 413 ἡμᾶς
1083 322 1283 407 ὄντας
1314 322 1583 418 εὑρήσει
1612 328 1883 410 κακούς.

405 426 529 515 τὴν
555 422 623 495 δ’
657 418 752 496 αὖ
781 426 1104 497 τάλαιναν
1132 432 1515 519 παρθένον,
1548 434 1617 498 τί
1646 434 2029 521 παρθένονς
2086 449 2190 503 460

389 527 619 616 ’Ἅιδης
645 557 761 599 νιν
792 525 882 609 ῶς
910 536 1087 599 ἔοικε
1116 530 1499 618 νυμφεύσει
1527 529 1711 619 τάχα,

407 628 496 713 ῶς
527 627 766 723 ῶκτισ’
789 653 804 669 ·
837 630 1021 719 οἶμαι
1047 631 1176 722 γάρ
1209 660 1323 701 νιν
1352 632 1723 704 ἱκετεύσειν
1751 634 1911 703 τάδε
1928 657 1943 673 ·

359 744 368 752 “
407 724 464 803 ῶ
491 733 723 823 πάτερ,
759 730 1148 815 ἀποκτενεῖς
1175 762 1295 823 με;
1324 734 1671 817 τοιούτους
1700 734 1955 823 γάμους

404 835 681 924 γήμειας
709 832 914 917 αὐτὸς
942 830 1180 923 χῶστις
1209 832 1360 907 ἐστί
1381 856 1488 907 σοι
1521 846 1739 927 φίλος.

405 934 643 1027 παρῶν
672 934 739 1006 δ’
780 934 1088 1027 Ὀρέστης
1121 934 1323 1027 ἐγγὺς
1352 934 1795 1030 ἀναβοήσεται
2082 958 2187 1013 465

402 1036 488 1108 οὐ
521 1038 773 1109 συνετὰ
803 1046 1100 1120 συνετῶς
1116 1064 1132 1079 ·
1164 1046 1262 1112 ἔτι
1288 1042 1418 1130 γάρ
1448 1038 1587 1112 ἐστι
1615 1041 1874 1131 νήπιος.

402 1148 577 1229 αἰαῖ,
610 1138 733 1210 τὸν
753 1138 1016 1231 Ἑλένης
1047 1138 1136 1223 ῶς
1165 1140 1237 1231 μ’
1272 1139 1619 1214 ἀπώλεσεν
1650 1143 1867 1233 γάμον

400 1242 618 1332 γήμας
646 1239 684 1312 ὁ
711 1241 1028 1332 Πριάμου
1054 1242 1273 1334 Πάρις
1291 1296 1311 1331 ,
1354 1243 1429 1321 ὃς
1471 1250 1815 1329 εἴργασται
1857 1248 2035 1317 τάδε.

179 1354 302 1415 XO.
395 1342 582 1434 κάγῶ
616 1342 1035 1441 κατῴκτειρ’,
1069 1343 1158 1429 ὥς
1185 1361 1479 1434 γυναῖκα
1508 1351 1619 1416 δεῖ
1641 1348 1843 1433 ξένην

400 1444 574 1538 ὑπὲρ
606 1450 967 1540 τυράννων
997 1456 1351 1540 συμφορᾶς
1381 1452 1832 1519 καταστένειν.
1966 1484 1973 1489 ·
2082 1466 2185 1521 470

177 1558 318 1620 ME.
399 1548 686 1639 ἀδελφέ,
717 1549 836 1632 δός
861 1577 974 1639 μοι
1004 1554 1222 1633 δεξιᾶς
1250 1557 1365 1639 τῆς
1396 1558 1516 1640 σῆς
1545 1563 1793 1639 θιγεῖν.

176 1661 364 1723 ΑΓΛ.
400 1658 678 1739 δίδωμι·
711 1652 838 1725 σὸν
869 1651 997 1742 γὰρ
1025 1652 1102 1723 τὸ
1130 1653 1405 1743 κράτος,
1438 1651 1675 1734 ἄθλιος
1706 1650 1771 1723 δ’
1806 1654 1962 1742 ἐγώ.

175 1764 317 1825 ΜΕ.
393 1756 669 1824 Πέλοπα
700 1751 1104 1844 κατόμνυμ’,
1135 1751 1208 1836 ὃς
1237 1754 1454 1844 πατὴρ
1482 1752 1741 1844 τούμοῦ
1770 1753 2020 1846 πατρὸς

402 1864 524 1926 τοῦ
558 1865 685 1927 σοῦ
714 1855 775 1928 τ’
807 1856 1102 1946 ἐκλήθη,
1134 1854 1255 1927 τὸν
1285 1856 1565 1927 τεκόντα
1592 1856 1654 1925 τ’
1694 1854 1948 1946 Ἀτρέα,

401 1950 444 2047 ἦ
471 1957 608 2047 μὴν
638 1965 821 2052 ἐρεῖν
849 1982 953 2029 σοι
985 1956 1155 2028 τάπὸ
1187 1964 1472 2048 καρδίας
1498 1964 1733 2047 σαφῶς
2078 1975 2183 2030 475

402 2065 516 2132 καὶ
542 2059 632 2151 μὴ
667 2061 964 2150 ’πίτηδες
993 2060 1206 2151 μηδὲν
1234 2056 1384 2129 ἀλλ’
1414 2058 1577 2130 ὅσον
1606 2066 1863 2150 φρονῶ.

403 2162 536 2251 ἐγώ
564 2162 633 2233 σ’
667 2163 785 2235 ἀπ’
818 2162 1042 2247 ὅσσων
1070 2160 1422 2252 ἐκβαλόντ’
1456 2161 1625 2234 ‹tadu›
1652 2161 1873 2251 δάκρυ

323 2292 328 2298 ·
405 2262 694 2362 ᾇκτειρα
720 2264 972 2345 καύτὸς
1002 2261 1361 2354 ἀνταφῆκά
1393 2287 1500 2335 σοι
1522 2266 1757 2337 πάλιν-

401 2372 515 2441 καὶ
546 2375 685 2439 τῶν
715 2373 1020 2439 παλαιῶν
1048 2370 1487 2456 ἐξαφίσταμαι
1515 2368 1759 2455 λόγων,

403 2469 529 2543 οὐκ
562 2478 657 2552 εἰς
683 2471 758 2542 σὲ
787 2468 1040 2551 δεινός·
1079 2468 1212 2557 εἶμι
1239 2467 1305 2538 δ’
1340 2461 1554 2561 οὗπερ
1588 2470 1649 2539 εἶ
1675 2466 1762 2540 σύ
1788 2476 1923 2539 νῦν
1941 2491 1956 2506 ·
2078 2486 2182 2539 480

402 2581 524 2643 καί
547 2590 654 2643 σοι
685 2577 992 2664 παραινῶ
1023 2567 1178 2660 μήτ’
1213 2568 1638 2643 ἀποκτείνειν
1667 2573 1906 2640 τέκνον

405 2671 556 2765 μήτ’
593 2671 1012 2745 ἀνθελέσθαι
1043 2670 1318 2762 τούμόν.
1350 2671 1433 2743 οὐ
1462 2673 1591 2763 γὰρ
1622 2678 1895 2743 ἔνδικον

406 2779 478 2848 σε
507 2776 632 2865 μὲν
659 2776 1030 2863 στενάζειν,
1060 2772 1233 2864 τάμὰ
1261 2773 1329 2845 δ’
1364 2773 1575 2865 ἡδέως
1610 2782 1807 2863 ἔχειν,

404 2879 734 2969 θνήσκειν
762 2907 834 2949 τε
866 2876 1024 2957 τούς
1052 2878 1233 2966 σούς,
1269 2876 1427 2961 τούς
1456 2874 1522 2947 δ’
1560 2875 1760 2966 ἐμοὺς
1789 2872 1958 2966 ὁρᾶν
1986 2876 2178 2967 φάος.

403 2991 472 3051 τί
493 2980 822 3072 βούλομαι
848 2980 1014 3069 γάρ;
1045 2978 1128 3052 ού
1161 2980 1415 3068 γάμους
1447 2982 1819 3072 ἐξαιρέτους
2078 2996 2181 3051 485

406 3081 650 3165 ἀλλους
680 3080 947 3173 λάβοιμ’
981 3078 1098 3172 ἀν,
1131 3089 1196 3153 εἰ
1219 3082 1456 3172 γάμων
1488 3088 1860 3174 ίμείρομαι;

408 3183 553 3256 ἀλλ’
589 3182 914 3267 ἀπολέσας
944 3184 1279 3276 ἀδελφόν,
1311 3182 1392 3255 ὅν
1422 3182 1495 3274 μ’
1530 3181 1749 3272 ἥκιστ’
1781 3189 2008 3275 ἐχρῆν,

397 3285 670 3375 Ἑλένην
697 3292 978 3377 ἕλωμαι,
1008 3287 1082 3358 τὸ
1111 3286 1322 3357 κακὸν
1350 3283 1499 3357 ἀντὶ
1527 3283 1871 3375 τάγαθοῦ;

411 3388 653 3479 ἄφρων
677 3392 829 3470 νέος
858 3386 920 3459 τ’
955 3382 1001 3479 ἦ
1015 3441 1036 3478 ,
1112 3390 1275 3481 πρὶν
1303 3388 1385 3459 τὰ
1412 3386 1745 3479 πράγματ’
1778 3388 2078 3477 ἐγγύθεν

409 3497 681 3561 σκοπῶν
709 3496 969 3562 ἐσεῖδον
999 3488 1146 3562 οἷον
1173 3482 1261 3580 ἦν
1285 3500 1576 3561 κτείνειν
1606 3494 1827 3559 τέκνα.
2078 3504 2177 3557 490

1683 3587 1722 3646 2
1740 3588 1771 3622 ss
