2534 3917
214 856 334 917 ΟΡ.

218 1875 320 1935 ΙΦ.

214 2181 338 2242 ΟΡ.

214 2283 322 2344 ΙΦ.

212 2386 337 2446 ΟΡ.

205 2487 323 2549 ΙΦ.

210 2590 339 2650 ΟΡ.

205 2692 326 2753 ΙΦ.

211 2794 340 2855 ΟΡ.

214 3419 351 3428 ”—

680 181 1122 240 ῙΦΙΓΕΝΕΙΑ
1164 181 1237 237 H
1275 179 1387 238 EN
1433 180 1790 240 ΤΑΥΡΟΙΣ

426 344 755 428 κρηπῖδας
802 341 968 428 εὕρῃ
1013 343 1249 420 λαΐνας
1293 343 1690 428 ἀγάλματος.

424 447 563 520 πῶς
608 441 692 509 οὐ
721 447 1097 527 θανοῦμαι;
1144 446 1242 520 τίς
1288 441 1354 508 δ’
1401 447 1627 510 ἔνεστί
1665 468 1778 530 μοι
1809 445 2038 527 λόγος;
2126 459 2225 510 998

426 543 509 610 οὐ
531 544 667 629 μήν
688 569 748 609 τι
774 544 1011 626 φεύγω
1032 541 1103 627 γ’
1136 543 1308 610 οὐδέ
1328 543 1402 629 μ’
1435 547 1496 610 εί
1515 552 1759 610 θανεῖν
1782 545 2019 630 χρεών,
2098 559 2228 609 1004

428 632 639 710 σῶσαι
669 643 749 709 τά
781 642 848 709 σ’
869 667 882 680 ·
932 643 1017 710 οὐ
1046 641 1179 728 γάρ
1209 644 1362 710 ἀλλ’
1395 643 1570 732 ἀνὴρ
1599 646 1724 729 μὲν
1757 646 1832 712 ἐκ
1865 647 2093 731 δόμων

431 740 671 812 θανὼν
699 740 1053 828 ποθεινός,
1084 739 1163 810 τὰ
1192 742 1268 811 δὲ
1296 738 1620 831 γυναικὸς
1648 737 1929 830 ἀσθενῆ.

431 841 556 913 οὐκ
586 838 671 913 ἄν
700 851 1023 931 γενοίμην
1050 851 1175 914 σοῦ
1205 871 1277 914 τε
1304 846 1418 913 καὶ
1446 841 1697 933 μητρὸς
1726 843 2010 933 φονεύς·

434 944 579 1027 ἅλις
605 945 680 1016 τὸ
708 953 936 1036 κείνης
968 941 1149 1033 αἷμα·
1182 945 1572 1036 κοινόφρων
1600 945 1676 1015 δὲ
1705 947 1812 1017 σοὶ

432 1051 543 1118 καὶ
572 1056 691 1137 ζῆν
716 1045 982 1136 θέλοιμ’
1018 1043 1103 1117 ἂν
1131 1051 1244 1118 καὶ
1274 1046 1512 1120 θανών
1540 1057 1772 1137 λαχεῖν
1803 1059 1972 1118 ἴσον.

436 1148 567 1234 ἄξω
598 1153 681 1220 δέ
702 1148 793 1238 σ’,
826 1145 1039 1239 ἥνπερ
1070 1149 1159 1238 μὴ
1190 1147 1392 1232 αὐτὸς
1421 1154 1748 1220 ἐνταυθοῖ
1772 1154 1975 1240 πέσω,

432 1251 599 1343 πρὸς
628 1248 917 1340 οἷκον,’“
872 1281 913 1340 η
946 1258 1070 1322 σοῦ
1100 1251 1464 1322 κατθανων
1491 1258 1672 1340 μενῶ
1703 1255 1888 1341 μέτα.

435 1355 706 1445 γνώμης
736 1352 802 1424 δ’
836 1351 1163 1424 άκουσον·
1198 1361 1261 1424 εί
1284 1353 1652 1446 πρόσαντες
1681 1345 1769 1443 ἦν
1795 1355 1952 1427 τόδε

422 1455 790 1547 Ἀρτέμιδι,
821 1463 963 1537 πῶς
992 1452 1078 1526 ἄν
1104 1459 1348 1540 Λοξίας
1375 1459 1693 1528 ἐθέσπισε

428 1568 703 1648 κομίσαι
731 1555 803 1647 μ’
838 1555 1102 1647 ἄγαλμα
1132 1566 1301 1640 θεᾶς
1331 1560 1619 1648 πόλισμα
1645 1559 2001 1640 Παλλάδος

435 1665 548 1732 καὶ
576 1661 703 1732 σὸν
734 1661 1096 1751 πρόσωπον
1126 1658 1515 1744 είσιδεῖν;”
1474 1689 1735 1731 απαντα
1763 1661 1893 1752 γὰρ

434 1767 716 1844 συνθεὶς
741 1760 889 1834 τάδ’
929 1770 1023 1844 εἰς
1052 1759 1129 1834 ἓν
1154 1763 1398 1834 νόστον
1423 1767 1663 1846 ἐλπίζω
1694 1772 1949 1853 λαβεῖν.

430 1874 570 1948 πῶς
597 1857 725 1938 οὖν.
748 1862 997 1954 γένοιτ’
1030 1861 1116 1934 ὂέν
1148 1861 1320 1936 ὥστε
1346 1860 1513 1955 μήθ’
1544 1862 1716 1954 ἡμᾶς
1747 1875 2013 1962 θανεῖν,

436 1977 669 2056 λαβεῖν
710 1969 787 2035 θ’
812 1965 855 2038 ἃ
880 1967 1353 2057 βουλόμεσθα;
1382 1972 1542 2057 τῇδε
1571 1965 1700 2056 γὰρ
1730 1983 1922 2038 νοσεῖ

434 2071 669 2152 νόστος
697 2068 863 2160 πρὸς
892 2079 1151 2150 οἴκους·
1182 2067 1223 2159 ἡ
1252 2070 1330 2140 δὲ
1357 2067 1676 2159 βούλησις
1703 2069 1903 2158 πάρα.

436 2164 545 2260 ἆρ’
580 2167 667 2245 ἄν
694 2171 1033 2262 τύραννον
1060 2175 1358 2243 διολέσαι
1388 2169 1754 2262 δυναίμεθ’
1789 2168 1910 2256 άνς

431 2273 663 2346 δεινὸν
689 2271 833 2347 τόδ’
868 2274 1088 2361 εἴπας,
1118 2277 1516 2364 ξενοφονεῖν
1546 2274 1902 2364 ἐπήλυδας.

436 2374 587 2446 ἀλλ’
622 2383 687 2446 εί
708 2377 785 2448 σὲ
813 2377 1013 2448 σώσει
1046 2374 1248 2466 κάμέ,
1280 2381 1783 2449 κινδυνευτέον.

432 2476 563 2550 οὐκ
592 2473 680 2548 ἂν
707 2486 1081 2567 δυναίμην,
1113 2477 1187 2548 τὸ
1220 2479 1297 2549 δὲ
1325 2479 1687 2570 πρόθυμον
1714 2475 1943 2570 ᾔνεσα.

436 2591 508 2652 τί
535 2578 627 2669 δ’,
660 2592 729 2651 εἴ
747 2608 828 2670 με
855 2589 997 2672 ναῷ
1030 2587 1202 2674 τῷδε
1229 2579 1556 2673 κρύψειας
1586 2582 1844 2673 λάθρᾳ;

439 2680 565 2754 είσ’
600 2690 799 2754 ἔνδον
829 2689 1017 2774 ἱεροῦ
1049 2683 1381 2773 φύλακες,
1413 2679 1534 2763 οὒς
1561 2681 1645 2752 οὐ
1674 2683 1982 2772 λήσομεν.

442 2797 618 2875 οἴμοι
648 2786 1203 2879 διεφθάρμεσθα·
1236 2793 1378 2868 πῶς
1404 2796 1745 2874 σωθεῖμεν
1773 2782 1892 2869 ἄν,

206 2897 327 2957 ΙΦ.
436 2896 615 2978 ἔχειν
646 2894 826 2958 δοκῶ
854 2917 968 2978 μοι
995 2886 1236 2959 καινὸν
1266 2887 1595 2978 ἐξεύρημά
1623 2916 1706 2957 τι.

211 2998 344 3059 ΟΡ.
442 2991 639 3062 ποῖόν
666 3019 767 3076 τις
802 2991 997 3082 δόξης
1023 2990 1308 3081 μετάδος
1327 3043 1346 3080 ,
1377 2987 1468 3072 ὥς
1493 2988 1680 3080 κάγώ
1709 2991 1929 3080 μάθω.

208 3101 328 3161 ΙΦ.
437 3109 580 3176 ταῖς
608 3108 794 3162 σαῖσι
822 3101 1091 3180 μανίαις
1119 3099 1450 3181 χρήσομαι
1479 3102 1913 3183 σοφίσμασιν.

214 3202 346 3263 ΟΡ.
442 3198 663 3265 δειναὶ
690 3193 818 3287 γὰρ
848 3201 927 3267 αἰ
946 3212 1267 3285 γυναῖκες
1297 3191 1638 3284 εὑρίσκειν
1665 3198 1916 3285 τέχνας.

215 3305 331 3366 to.
440 3299 654 3387 φονέα
681 3319 757 3367 σε
784 3298 977 3387 φήσω
1004 3295 1252 3388 μητρὸς
1283 3301 1348 3382 ἐξ
1371 3293 1665 3386 ’Ἄργους
1691 3307 1942 3388 μολεῖν.

352 3455 451 3506 ΙΕᾋ

348 3537 461 3589 Οᾱὶ

523 3449 599 3516 ὥς
636 3449 709 3522 δὴ
750 3449 948 3516 σκότος
985 3449 1248 3525 λαβόντες
1283 3447 1628 3522 ἐκσωθεῖμεν
1666 3447 1770 3520 ἄη

522 3537 773 3590 κλεπτῶν
807 3532 913 3606 γάρ
941 3531 977 3606 ἡ
1016 3534 1149 3602 νύξ,
1182 3538 1286 3604 τῆς
1321 3531 1381 3589 δ’
1419 3531 1697 3603 ἀληθείας
1729 3532 1795 3590 τὸ
1833 3535 1975 3603 φῶς.

2146 178 2228 240 93

2085 1169 2219 1221 1010

2085 1681 2220 1734 1015

2091 2191 2222 2245 1020

2087 2701 2219 2756 1027

2089 3009 2223 3063 1030

2091 3455 2222 3508 1025
