2534 3917
1015 223 1482 284 ΦΟΙΝΙΣΣΑΙ
2111 223 2232 288 421

453 405 624 486 βᾶθι
653 404 823 486 βᾶθι
852 395 1057 465 τάνδε
1083 401 1249 483 γᾶν·

452 507 567 570 σοί
586 527 700 569 νιν
734 505 1000 587 ἔκγονοι
1029 504 1288 584 κτίσαν,

450 599 536 671 ἃν
565 601 895 688 διω’νυμοι
924 607 1107 687 θεαί,
1924 604 2065 670 άντ.

451 706 902 793 Περσέφασσα
930 704 1045 771 καὶ
1076 709 1242 790 φίλα

452 804 779 896 Δαμάτηρ
806 803 959 891 θεά,
2135 822 2237 876 685

450 908 724 979 πάντων
752 904 1045 991 ἄνασσα,
1077 903 1354 976 πάντων
1384 907 1461 977 δὲ
1489 913 1588 976 Γᾶ
1614 913 1884 998 τροφός,
1933 905 1938 908 ’

451 1010 844 1098 ἐκτήσαντο·
882 1010 1099 1096 πέμπε
1127 1008 1530 1100 πυρφόρους

452 1111 651 1197 θεάς,
682 1109 903 1199 ἄμυνε
929 1115 1091 1202 τᾷδε
1118 1117 1207 1202 γᾷ
1224 1133 1239 1148 ·

449 1214 667 1285 πάντα
696 1211 765 1284 δ’
801 1210 1048 1301 εὐπετῆ
1076 1222 1286 1293 θεοῖς.

222 1327 357 1386 ΕΤ.
444 1317 648 1407 χαίρει
676 1314 763 1384 σύ
793 1318 909 1385 καὶ
935 1314 1161 1402 κόμιζε
1189 1312 1312 1384 τὸν
1338 1317 1734 1396 Μενοικέως
2136 1331 2239 1386 690

338 1458 359 1470 ·
448 1415 759 1509 Κρέοντ’,
790 1413 1097 1506 ἀδελφὸν
1122 1416 1372 1507 μητρὸς
1392 1415 1725 1506 Ἰοκάστης
1753 1422 1933 1507 ἐμῆς,

449 1525 667 1609 λέγων
693 1517 868 1609 τάδ’,
898 1516 990 1603 ὥς
1014 1525 1231 1590 οἰκεῖα
1257 1522 1372 1590 καὶ
1397 1517 1594 1591 κοινὰ
1618 1519 1869 1607 χθονὸς

447 1628 630 1694 θέλω
660 1622 828 1711 πρὸς
856 1621 1067 1693 αὐτὸν
1095 1631 1470 1711 συμβαλεῖν
1497 1623 1946 1713 βουλεύματα,

448 1728 613 1815 πρὶν
642 1731 735 1804 είς
760 1726 980 1813 μάχην
1009 1752 1081 1793 τε
1109 1725 1223 1793 καὶ
1251 1723 1452 1812 δορὸς
1478 1725 1666 1806 τάξιν
1691 1734 1946 1813 μολεῖν.

448 1834 665 1896 καίτοι
694 1832 927 1895 ποδῶν
954 1833 1095 1896 σῶν
1123 1824 1390 1913 μόχθον
1422 1825 1650 1896 ἐκλύει
1677 1825 1947 1914 παρεόν·
2136 1841 2236 1896 695

451 1925 589 2018 ὁρῶ
617 1927 747 2018 γάρ
776 1925 990 2029 αὐτὸν
1018 1925 1187 2018 πρὸς
1217 1927 1470 2015 δόμους
1498 1924 1824 2015 στείχοντ’
1860 1927 2078 2015 ἐμούς.

219 2039 351 2099 ΚΡ.
445 2021 491 2118 ἦ
517 2027 713 2102 πόλλ’
745 2033 1051 2120 ἐπῆλθον
1081 2035 1362 2099 εἰσιδεῖν
1387 2029 1648 2120 χρῄζων
1677 2027 1769 2118 α’,
1799 2027 1964 2112 ἅναξ

442 2131 842 2220 Ἐτεόκλεες,
874 2135 1062 2223 πέριξ
1092 2133 1169 2203 δὲ
1195 2137 1563 2219 Καδμείων
1591 2131 1806 2212 πύλας

448 2235 755 2324 φύλακάς
784 2233 847 2307 τ’
882 2239 1187 2324 ἐπῆλθον
1215 2232 1342 2304 σὸν
1369 2236 1573 2322 δέμας
1600 2231 2019 2324 θηρώμενος.

222 2346 354 2406 ΕΤ.
440 2341 554 2407 καὶ
580 2337 717 2427 μὴν
744 2337 875 2427 ἐγώ
908 2336 973 2408 σ’
1007 2345 1284 2429 ἔχρῃζον
1315 2342 1625 2424 εἰσιδεῖν,
1656 2338 1913 2424 Κρέον·
2137 2351 2240 2406 700

449 2446 673 2529 πολλῷ
705 2438 833 2528 γὰρ
857 2431 1073 2529 ηὗρον
1107 2445 1362 2519 ἐνδεεῖς
1392 2437 1775 2527 διαλλαγάς,

453 2536 541 2619 ὡς
574 2546 666 2620 είς
695 2539 941 2627 λόγους
968 2548 1239 2628 συνῆψα
1266 2549 1675 2610 Πολυνείκει
1700 2539 1946 2626 μολών.

213 2649 352 2709 ΚΡ.
445 2637 704 2735 ἥκουσα
736 2650 965 2728 μεῖζον
992 2637 1205 2711 αὐτὸν
1230 2637 1276 2730 ἦ
1303 2641 1532 2730 Θήβας
1559 2657 1871 2733 φρονεῖν,

446 2741 636 2830 κήδει
667 2739 729 2812 τ’
762 2740 1134 2833 Ἀδράστου
1161 2746 1277 2813 καὶ
1303 2751 1565 2838 στρατῷ
1594 2743 1996 2815 πεποιθότα.·

446 2841 598 2913 ἀλλ’
631 2851 724 2926 εἰς
751 2844 963 2927 θεοὺς
989 2844 1116 2935 χρὴ
1145 2843 1336 2915 ταῦτ’
1371 2843 1823 2938 ἀναρτήσαντ’
1855 2853 2062 2934 ἔχειν·
2137 2864 2237 2920 705

447 2943 492 3015 ἃ
518 2943 583 3016 δ’
618 2947 934 3035 ἐμποδών
960 2946 1279 3036 μάλιστα,
1312 2946 1521 3018 ταῦθ’
1555 2946 1698 3040 ἥκω
1727 2949 2031 3040 φράσων.

219 3055 351 3116 ΕΤ.
438 3046 519 3118 τὰ
547 3064 705 3120 ποῖα
732 3057 981 3132 ταῦτα;
1008 3049 1130 3120 τὸν
1156 3049 1367 3139 λόγον
1393 3050 1524 3142 γὰρ
1555 3049 1798 3141 άγνοῶ.

208 3157 347 3218 ΚΡ.
441 3147 591 3239 ἥκει
622 3180 722 3232 τις
754 3153 1170 3244 αἰχμάλωτος
1192 3150 1518 3251 Ἀργείων
1544 3155 1746 3245 πάρα.

209 3261 350 3321 ΕΤ.
440 3256 619 3342 λέγει
653 3256 729 3326 δὲ
758 3253 842 3344 δη
870 3263 942 3326 τί
964 3262 1103 3324 τῶν
1131 3260 1276 3326 ἐκεῖ
1294 3255 1665 3348 νεότερον;

216 3361 345 3422 ΚΡ.
439 3359 735 3442 [μέλλειν
765 3359 953 3442 πέριξ
983 3359 1304 3443 πύργοισι
1326 3365 1676 3444 Καδμείων
1697 3363 1925 3445 πόλιν]
2133 3376 2238 3430 710

441 3455 672 3538 ὅπλοις
700 3459 945 3540 ἑλίξειν
971 3453 1199 3528 αὐτίκ’
1228 3455 1554 3547 Ἀργείων
1578 3459 1892 3548 στρατόν.

208 3567 349 3627 ΕΤ.
435 3561 763 3641 ἐξοιστέον
792 3557 941 3649 τᾶρ’
976 3555 1150 3630 ὅπλα
1178 3565 1541 3648 Καδμείων
1568 3561 1780 3632 πόλει.
