2534 3917
142 3063 290 3124 XO.

145 3269 263 3330 ΙΦ.

620 231 1080 290 ΙΦΙΓΕΝΕΙΛ
1122 231 1193 287 H
1224 231 1344 288 EN
1393 230 1694 288 AYAIAI
2094 227 2176 290 53

375 397 725 491 ’Ἁρτεμιν·
760 409 879 470 ἴτω
910 398 986 469 δὲ
998 404 1376 480 Δαναΐδαις
1411 395 1730 488 εὐφημία.
2041 416 2180 474 1470

390 509 562 572 κανᾶ
591 499 659 570 δ’
694 503 1082 590 ἐναρχέσθω
1110 529 1242 588 τις,
1275 503 1582 570 αἰθέσθω
1612 501 1688 571 δὲ
1719 509 1856 586 πῦρ

389 605 751 694 προχύταις
779 610 1239 693 καθαρσίοισι,
1272 605 1385 672 καὶ
1415 600 1630 693 πατὴρ
1663 600 1817 692 ἐμὸς

388 704 845 790 ἐνδεξιούσθω
874 705 1139 794 βωμόν·
1175 701 1265 787 ὥς
1295 713 1635 796 σωτηρίαν

371 805 646 896 Ἕλλησι
679 805 976 878 δώσουσ’
1013 816 1286 901 ἔρχομαι
1317 807 1718 898 νικηφόρον.

388 908 585 1000 ἄγετέ
607 937 689 999 με
720 908 843 980 τάν
874 906 1076 982 Ἰλίου
1791 931 1930 1004 στρ.
2039 929 2172 986 14⁷5

388 1015 503 1082 καὶ
530 1018 827 1104 Φρυγῶν
856 1015 1219 1083 ἑλέπτολιν.

385 1117 635 1203 στέφεα
663 1122 987 1206 περίβολα
1015 1121 1272 1203 δίδοτε,
1304 1117 1510 1206 φέρε-

386 1244 461 1286 τε
479 1240 495 1254 ·
527 1214 865 1305 πλόκαμος
893 1213 1011 1288 ὅδε
1039 1219 1485 1304 καταστέφειν

385 1326 725 1409 χερνίβων
753 1347 831 1407 γε
860 1335 1122 1409 παγαῖς.

385 1416 670 1491 ἑλίσσετ’
704 1417 877 1510 ἀμφὶ
904 1421 1074 1492 ναὸν
1104 1417 1277 1512 ἀμφὶ
1305 1421 1540 1513 βωμὸν
2031 1439 2169 1497 1480

383 1521 509 1593 τάν
551 1520 852 1593 ἄνασσαν
875 1521 1214 1615 Ἀρτεμιν,

381 1622 558 1695 θεὰν
585 1625 952 1716 μάκαιραν·
986 1623 1076 1709 ὥς
1106 1631 1398 1719 ἐμοῖσιν,
1429 1637 1494 1700 εἰ
1515 1629 1753 1720 χρεών,

388 1733 618 1817 αἵμασι
646 1727 950 1816 θύμασίν
972 1758 1042 1800 τε
2035 1746 2166 1801 1485

391 1826 679 1918 θέσφατ’
711 1832 1054 1914 ἐξαλείψω.

387 1923 443 2001 οἷ
469 1932 709 2003 πότνια
738 1931 979 2002 πότνια
1005 1941 1211 2026 μᾶτερ
1230 1987 1249 2022 ,
1288 1931 1377 2016 ὦς
1406 1933 1668 2025 δάκρυά
1698 1935 1780 2023 γέ
1803 1955 1906 2003 σοι

385 2032 691 2122 δαίσομεν
719 2033 1005 2126 ἁμέτερα
1022 2059 1037 2073 ·

382 2133 542 2226 παρ’
578 2141 784 2227 ιέροῖς
812 2135 939 2228 γὰρ
971 2136 1054 2208 οὗ
1084 2139 1343 2228 πρέπει.
2036 2152 2168 2208 1490

384 2236 463 2306 ἰοὶ
496 2237 575 2306 ιἐὸ
605 2238 931 2324 νεάνιδες,

382 2338 855 2410 συνεπαείδετ’
883 2338 1202 2434 ’Ἀρτεμιν

382 2447 720 2522 Χαλκίδος
750 2438 1137 2533 ἀντίπορον,

381 2549 493 2612 ἵνα
521 2571 594 2612 τε
624 2543 876 2630 δόρατα
903 2548 1149 2634 μέμονε
1183 2549 1342 2619 δάια
2025 2561 2168 2616 1495

382 2641 481 2714 δι’
516 2644 679 2735 ἐμὸν
708 2641 922 2735 ὄνομα
950 2646 1140 2719 τᾶσδ’
1172 2647 1474 2730 Αὐλίδος

381 2747 890 2839 στενοπόροισιν
919 2745 1167 2840 ὅρμοις.

382 2847 460 2918 ἰῶ
491 2857 578 2938 γᾶ
605 2856 813 2939 μᾶτερ
845 2841 901 2920 ὦ
925 2861 1290 2942 Πελασγία,

375 2961 788 3040 Μυκηναῖαί
807 2949 869 3023 τ’
903 2957 1053 3044 ἐμαὶ
1080 2955 1442 3045 θεράπναι.

376 3063 603 3136 καλεῖς
632 3055 922 3146 πόλισμα
948 3060 1283 3148 Περσέως,
2028 3074 2163 3128 1500

380 3165 811 3229 Κυκλωπίων
839 3158 1055 3229 πόνον
1081 3167 1338 3248 χερῶνς

375 3265 673 3350 ἔθρεψας
705 3257 966 3331 Ἑλλάδι
994 3289 1077 3350 με
1105 3261 1278 3352 φάος
1297 3285 1311 3296 ·

328 3421 335 3426 .
381 3367 696 3431 θανοῦσα
726 3358 791 3431 δ’
824 3359 950 3432 οὐκ
980 3360 1362 3450 ἀναίνομαι.

142 3472 289 3533 XO.
376 3465 569 3543 κλέος
596 3462 723 3553 γὰρ
753 3460 840 3534 οὔ
866 3485 943 3535 σε
968 3463 1061 3554 μὴ
1090 3472 1273 3556 λίπῃ.

708 3585 837 3642 1475
858 3611 933 3622 --
950 3586 1088 3642 1490
1108 3607 1195 3634 =
1220 3587 1358 3639 1510
1375 3609 1447 3620 --
1469 3587 1607 3638 152⁰
