2534 3917
335 161 461 227 148

334 2775 469 2835 ΘΕ.

330 3077 473 3137 ΧΟ.

332 3280 469 3340 ΘΕ.

1262 161 1432 220 ΙΩΝ

561 329 866 419 Νηρέος,
903 333 980 397 αἱ
1006 326 1174 397 κατὰ
1208 328 1460 396 πόντον

563 430 830 501 ἀενάων
862 457 935 499 τε
969 434 1290 516 ποταμῶν

565 540 757 614 δίνας
784 532 1247 623 χορευόμεναι,

562 635 690 704 τὰν
720 634 1271 725 χρυσοστέφανον
1304 630 1518 722 κόραν
2209 654 2348 710 1085

566 738 680 806 καὶ
707 738 960 826 ματέρα
994 734 1277 824 σεμνάν·

561 834 653 906 ἵν’
686 841 932 922 ἐλπίζει
964 835 1393 925 βασιλεύσειν

562 936 786 1008 ἄλλων
819 939 1032 1010 πόνον
1068 934 1396 1007 εἰσπεσών

566 1037 603 1111 ὁ
639 1048 950 1130 Φοίβειος
984 1036 1245 1119 ἀλάτας.

568 1140 771 1233 ὁρᾶθ’
812 1139 960 1212 ὅσοι
989 1140 1502 1212 δυσκελάδοισιν
1958 1139 2101 1212 ἀντ.
2210 1161 2350 1217 1090

568 1241 736 1314 κατὰ
758 1251 1021 1333 μοῦσαν
1057 1243 1272 1323 ἰόντες
1308 1239 1572 1313 ἀείδεθ’
1608 1240 1848 1331 ὕμνοις

564 1343 847 1437 ἁμέτερα
874 1349 1067 1432 λέχεα
1099 1346 1213 1414 καὶ
1245 1345 1500 1433 γάμους
1685 1339 1690 1344 ’

563 1446 911 1537 Κύπριδος
939 1443 1306 1533 ἀθεμίτους
1331 1444 1671 1535 ἀνοσίους,

564 1545 728 1618 ὅσον
762 1545 1037 1639 εὐσεβίᾳ
1069 1554 1449 1637 κρατοῦμεν

564 1647 802 1720 ἄδικον
828 1645 1074 1740 ἄροτον
1108 1646 1402 1740 ἀνδρῶν.
2209 1669 2348 1724 1095

566 1759 995 1840 παλίμφαμος
1025 1749 1223 1821 ἀοιδὰ

564 1856 677 1922 καὶ
702 1850 902 1942 μοῦσ’
944 1860 1038 1935 εἰς
1064 1851 1318 1943 ἄνδρας
1351 1863 1467 1922 ἴτω

564 1957 974 2036 δυσκέλαδος
999 1952 1173 2045 ἀμφὶ
1204 1957 1522 2045 λέκτρων.

562 2062 871 2128 δείκνυσι
902 2056 1032 2147 γὰρ
1068 2054 1104 2126 ὁ
1138 2055 1309 2137 Διὸς
1337 2059 1410 2126 ἐκ

563 2163 829 2228 παίδων
856 2155 1358 2247 ἀμνημοσύναν,
2203 2175 2340 2227 1100

565 2255 650 2327 οὐ
684 2257 923 2328 κοινὰν
956 2262 1205 2328 τεκέων
1237 2258 1447 2348 τύχαν

566 2370 809 2429 οἴκοισι
836 2360 1179 2449 φυτεύσας

561 2467 915 2554 δεσποίνᾳ·
952 2460 1119 2554 πρὸς
1154 2459 1222 2533 δ’
1254 2460 1660 2554 Ἀφροδίταν

566 2560 776 2635 ἄλλαν
805 2568 1089 2653 θέμενος
1114 2564 1314 2655 χάριν

562 2667 781 2736 νόθου
810 2665 1049 2748 παιδὸς
1077 2673 1381 2758 ἔκυρσεν.
2207 2683 2347 2736 1105

557 2768 865 2856 κλεινήν,
894 2784 1243 2856 γυναῖκες,
1281 2777 1415 2840 ποῦ
1446 2768 1659 2861 κόρην
1677 2766 2038 2857 Ἐρεχθέως

565 2871 928 2938 δέσποιναν
958 2867 1173 2959 εὕρως
1209 2878 1510 2962 πανταχῇ
1544 2869 1673 2960 γὰρ
1704 2867 1951 2949 ἄστεως

559 2976 771 3055 ζητῶν
804 2998 917 3039 νιν
951 2973 1274 3060 ἐξέπλησα
1311 2970 1483 3042 κούκ
1519 2979 1644 3059 ἔχω
1676 2978 1930 3059 λαβεῖν.

557 3077 631 3138 τί
652 3067 719 3139 δ’
759 3077 969 3159 ἔστιν,
1008 3063 1063 3139 ῶ
1095 3073 1460 3159 ξύνδουλε;
1491 3081 1592 3153 τίς
1625 3079 1976 3163 προθυμία

562 3177 795 3240 ποδῶν
830 3178 963 3259 ἔχει
989 3192 1098 3260 σε,
1134 3176 1248 3243 καὶ
1282 3174 1526 3262 λόγους
1550 3181 1738 3254 τίνας
1766 3177 2032 3263 φέρεις;
2207 3189 2353 3242 1110

555 3271 911 3364 θηρώμεθ’
934 3297 949 3310 ·
988 3271 1185 3364 ἀρχαὶ
1219 3273 1286 3346 δ’
1325 3273 1678 3365 ἁπιχώριοι
1709 3273 1959 3362 χθονὸς

558 3381 871 3462 ζητοῦσιν
906 3373 1153 3464 αὐτήν,
1186 3373 1276 3458 ῶς
1308 3377 1489 3466 θάνῃ
1519 3378 1957 3466 πετρουμένη.
