2534 3917
635 181 1093 240 ΙΦΙΓΕΝΕΙΑ
1128 181 1205 238 Η
1234 183 1357 240 EN
1397 181 1760 242 TAYPOIS
2110 181 2194 247 78

420 347 831 473 δύσνουνμε
858 344 1175 473 λήψεσθ’,
1205 350 1446 430 οἵτινές
1473 345 1639 419 ποθ’
1669 345 1883 436 ἥκετε.
2091 369 2194 424 850

418 556 489 619 οἱ
510 555 864 638 δυστυχεῖς
890 550 1019 641 γὰρ
1048 565 1263 620 τοῖσιν
1293 547 1790 639 εὐτυχεστέροις

421 649 613 720 αὐτοὶ
640 659 861 732 καλῶς
888 651 1253 741 πράξαντες
1281 649 1366 721 οὐ
1397 659 1774 742 φρονοῦσιν
1806 681 1905 723 ευ.

418 750 566 822 ἀλλ’
600 749 758 822 οῦτε
786 760 1050 841 πνεῦμα
1076 753 1344 822 Διόθεν
1371 744 1546 841 ἦλθε
1571 753 1861 842 πώποτε,

420 851 501 923 οὗ
530 862 857 943 πορθμίς,
888 851 1031 942 ἥτις
1060 853 1173 924 διὰ
1202 857 1444 942 πέτρας
1471 856 1974 944 Συμπληγάδας
2088 875 2192 930 355

409 952 679 1042 Ἑλένην
706 952 998 1044 ἀπήγαγ’
1032 952 1300 1043 ἐνθάδ’,
1332 953 1376 1044 ἦ
1401 952 1476 1044 μ’
1508 953 1832 1046 ἀπώλεσε,

422 1057 786 1126 Μενέλεων
810 1054 914 1143 θ’,
945 1053 1039 1126 ἵν’
1072 1053 1323 1137 αὐτοὺς
1351 1054 2008 1150 ἀντετιμωρησάμην,

419 1157 540 1244 τὴν
566 1155 808 1228 ἐνθάδ’
817 1148 1043 1227 Αὖλιν
1070 1155 1424 1227 ἀντιθεῖσα
1451 1167 1566 1246 τῆς
1594 1164 1751 1246 ἐκεῖ,

420 1250 501 1327 οὖ
528 1255 600 1346 μ’
634 1280 803 1329 ωστε
829 1259 1079 1347 μόσχον
1105 1265 1446 1330 Δαναΐδαι
1467 1258 1888 1350 χειρούμενοι

416 1367 799 1449 ἕσφαζον,’
768 1359 989 1449 ιερεύς
1017 1357 1086 1430 δ’
1119 1352 1210 1449 ἦν
1236 1356 1274 1430 ὅ
1305 1362 1636 1449 γεννήσας
1663 1360 1900 1453 πατήρ.
2085 1381 2192 1436 360

415 1473 623 1550 οἴμοι·
656 1470 885 1532 κακῶν
911 1461 1039 1551 γὰρ
1068 1469 1207 1531 τῶν
1232 1460 1374 1531 τότ’
1407 1459 1534 1533 οῦκ
1563 1460 1953 1552 ἀμνημονῶ,

415 1559 571 1644 οσας
598 1571 867 1651 γενείου
895 1581 1118 1652 χεῖρας
1146 1565 1530 1652 ἐξηκόντισα

416 1666 715 1754 γονάτων
741 1693 813 1735 τε
840 1673 963 1734 τοῦ
992 1663 1300 1746 τεκόντος
1328 1669 1765 1756 ἐξαρτωμένη,

414 1771 700 1855 λέγουσα
728 1763 980 1838 τοιάδ’·
1013 1793 1067 1836 ω
1095 1767 1337 1854 πάτερ,
1367 1767 1799 1856 νυμφεύομαι

412 1865 835 1958 νυμφεύματ’
870 1866 1107 1958 αἰσχρὰ
1134 1866 1304 1957 πρὸς
1331 1870 1567 1936 σέθεν·
1597 1867 1812 1957 μήτηρ
1843 1865 1910 1938 δ’
1943 1869 2055 1957 ἐμὲ
2083 1885 2190 1940 365

413 1974 619 2039 σέθεν
648 1977 1193 2050 κατακτείνοντος
1225 1966 1528 2058 Ἀργεῖαί
1549 1996 1620 2038 τε
1647 1976 1781 2038 νῦν

413 2068 750 2159 ὑμνοῦσιν
776 2068 1235 2160 ὑμεναίοισιν,
1268 2066 1575 2139 αὐλεῖται
1603 2069 1680 2141 δὲ
1708 2078 1845 2138 πᾶν

408 2177 749 2263 μέλαθρον
765 2195 780 2210 ·
811 2170 1000 2262 ἡμεῖς
1028 2169 1093 2242 δ’
1128 2168 1518 2260 ὀλλύμεσθα
1545 2168 1712 2262 πρὸς
1738 2174 1965 2241 σέθεν.

393 2271 623 2363 ’Ἅιδης
653 2273 991 2362 Ἀχιλλεύς
1018 2265 1105 2362 ἦν
1134 2269 1272 2364 ἄρ’,
1305 2271 1429 2362 οὐχ
1458 2269 1494 2343 ὁ
1524 2277 1824 2361 Πηλέως,

410 2372 491 2445 ὅν
518 2404 631 2464 μοι
659 2385 1011 2465 προτείνας
1038 2375 1269 2463 πόσιν,
1314 2379 1389 2445 ἐν
1416 2371 1730 2466 ἁρμάτων
1757 2372 1831 2463 μ’
1865 2373 2044 2463 ὄχοις
2082 2389 2188 2445 370

411 2476 902 2568 εἰς-αἱματηρὸν
930 2477 1145 2564 γάμον
1173 2475 1640 2568 ἐπόρθμευσας
1669 2477 1867 2569 δόλῳ.

407 2577 539 2665 ἐγω
568 2579 643 2649 δὲ
671 2585 934 2648 λεπτῶν
961 2576 1138 2665 ὄμμα
1166 2576 1281 2647 διὰ
1308 2579 1760 2666 καλυμμάτων

408 2678 659 2767 ἔχουσ’,
700 2677 1001 2767 ἀδελφόν
1028 2677 1088 2747 τ’
1124 2676 1253 2747 οὐκ
1285 2677 1647 2766 ἀνειλόμην
1674 2695 1924 2766 χεροῖν,

407 2777 481 2862 ὃς
508 2788 641 2850 νῦν
670 2778 957 2867 ὄλωλεν,
989 2777 1072 2850 οὐ
1102 2780 1468 2869 κασιγνήτῃ
1497 2779 1708 2867 στόμα

398 2880 657 2969 συνῆψ’
690 2879 812 2952 ὑπ’
847 2887 1112 2968 αἰδοῦς,
1145 2879 1235 2962 ὦς
1265 2878 1442 2952 ἰοῦσ’
1479 2888 1572 2963 εἰς
1598 2884 1875 2970 Πηλέως
2079 2897 2182 2953 375

403 2987 743 3073 μέλαθρα·
774 2983 985 3053 πολλὰ
1014 2980 1075 3052 δ’
1109 2981 1459 3071 ἀπεθέμην
1487 2980 1880 3072 ἀσπάσματα

409 3091 746 3173 εἰσαῦθις,
780 3083 869 3166 ὥς
894 3081 1125 3173 ἥξουσ’
1173 3088 1240 3166 ἐς
1260 3081 1507 3172 Ἀργος
1535 3075 1626 3154 αὖ
1653 3085 1878 3155 πάλιν.

409 3177 465 3255 03
493 3194 778 3274 τλῆμον,
812 3194 875 3256 εἰ
897 3190 1262 3274 τέθνηκας,
1293 3189 1358 3268 ἐξ
1391 3193 1555 3257 οἵων
1583 3195 1810 3256 καλῶν

409 3296 661 3372 ἔρρεις,
699 3285 1003 3371 Ὀρέστα,
1036 3289 1150 3355 καὶ
1179 3287 1427 3372 πατρὸς
1455 3289 1873 3376 ζηλωμάτων.

410 3403 1470 3443 *4**********

408 3489 489 3560 τὰ
516 3495 632 3577 τῆς
660 3497 830 3560 θεοῦ
874 3492 949 3560 δὲ
976 3495 1320 3580 μέμφομαι
1349 3498 1747 3577 σοφίσματα,
2077 3504 2182 3556 380
