2534 3917
243 145 368 209 202
1057 144 1414 204 MHAEIA

467 309 730 384 Ἑλλάδ’
765 315 832 394 ἐς
867 307 1232 400 ἀντίπορον
2151 331 2255 385 210

480 413 573 486 δι’
605 410 733 486 άλα
761 414 1000 502 νύχιον
1027 409 1140 501 ἐφ’
1171 409 1483 501 άλμυράν

483 517 738 587 πόντου
763 512 960 608 κλῇδ’
991 513 1389 604 ἀπέραντον.

248 627 415 692 ΜΗ.
473 626 841 710 Κορίνθιαι
867 632 1216 707 γυναῖκες,
1245 620 1537 704 ἐξῆλθον
1566 615 1817 704 δόμων,

475 721 568 810 μή
594 729 718 808 μοι’
737 749 802 790 τι
826 715 1158 809 μέμψησθ’
1181 740 1197 756 ·
1228 717 1381 789 οἶδα
1413 715 1543 807 γὰρ
1570 717 1863 800 πολλοὺς
1880 727 2144 811 βροτῶν
2156 739 2257 792 215

474 820 765 912 σεμνοὺς
790 830 1117 911 γεγῶτας,
1147 819 1308 902 τοὺς
1333 820 1459 908 μὲν
1492 815 1812 909 ὀμμάτων
1839 819 1992 910 ἄπο,

473 923 634 1005 τοὺς
661 921 726 993 δ’
759 927 836 994 ἐν
861 930 1210 1014 θυραίοις·
1244 915 1311 993 οἳ
1339 920 1405 992 δ’
1437 917 1560 1010 ἀφ’
1591 919 1849 1010 ἡσύχου
1876 921 2082 1005 ποδὸς

473 1027 838 1098 δύσκλειαν
866 1025 1227 1115 ἐκτήσαντο
1263 1027 1380 1094 καὶ
1407 1027 1773 1117 ρᾳθυμίαν.

475 1135 629 1216 δίκη
656 1125 786 1219 γὰρ
816 1125 944 1198 οὐκ
971 1135 1232 1199 ἔνεστιν
1259 1123 1638 1215 ὀφθαλμοῖς
1664 1133 1949 1215 βροτῶν,

472 1228 653 1312 ὅστις
677 1232 841 1320 πρὶν
867 1226 1115 1320 ἀνδρὸς
1141 1227 1527 1317 σπλάγχνον
1553 1231 1880 1315 ἐκμαθεῖν
1906 1237 2255 1316 σαφῶςὯο

477 1347 715 1422 στυγεῖ
740 1332 1110 1422 δεδορκώς,
1141 1327 1350 1401 οὐδὲν
1375 1327 1794 1419 ἠδικημένος.

471 1431 596 1525 χρὴ
627 1435 703 1504 δὲ
729 1435 923 1515 ξένον
951 1432 1076 1520 μὲν
1103 1431 1315 1521 κάρτα
1341 1447 1764 1523 προσχωρεῖν
1788 1429 1980 1501 πόλει
1998 1454 2013 1467 ·

478 1532 632 1605 οὐδ’
668 1531 872 1604 ἀστὸν
899 1529 1087 1623 ᾔνεσ’
1124 1530 1305 1614 ὅστις
1330 1530 1642 1623 αὐθάδης
1668 1530 1882 1621 γεγὼς

476 1635 711 1726 πικρὸς
741 1642 1043 1717 πολίταις
1069 1636 1252 1705 ἐστὶν
1279 1632 1574 1724 ἀμαθίας
1600 1631 1756 1705 ῧπο.

387 1745 394 1750 ’
471 1741 620 1827 ἐμοὶ
653 1733 725 1809 δ’
758 1733 1047 1807 ἄελπτον
1075 1745 1345 1828 πρᾶγμα
1373 1735 1754 1828 προσπεσὸν
1780 1737 1934 1807 τόδε
2151 1755 2250 1809 225

469 1839 695 1930 ψυχὴν
722 1836 1126 1931 διέφθαρκ’·
1159 1851 1418 1929 οἴχομαι
1448 1839 1524 1909 δὲ
1558 1842 1670 1908 καὶ
1699 1846 1855 1927 βίου

468 1943 666 2068 χάριν
692 1954 975 2032 μεθεῖσα
1001 1952 1371 2012 κατθανεῖν
1395 1941 1609 2034 χρῄζω
1626 1994 1645 2029 ,
1681 1949 1893 2031 φίλαι.

473 2049 549 2114 ἐν
578 2073 629 2138 ω
661 2043 790 2137 γὰρ
818 2038 907 2134 ἦν
928 2072 1043 2133 μοι
1071 2045 1323 2132 πάντα,
1353 2044 1749 2132 γιγνώσκεις
1775 2050 2015 2130 καλως,

474 2147 784 2227 κάκιστος
818 2145 1093 2272 ἀνδρων
1120 2143 1427 2234 ἐκβέβηχ’
1460 2142 1667 2234 οὑμὸς
1695 2144 1905 2226 πόσις.

472 2249 745 2318 πάντων
778 2245 846 2317 δ’
878 2243 983 2316 ὅσ’
1015 2244 1151 2317 ἔστ’
1187 2255 1449 2336 ἔμψυχα
1476 2249 1589 2316 καὶ
1616 2247 1895 2336 γνώμην
1922 2249 2054 2335 ἔχει
2146 2265 2248 2318 230

468 2351 782 2437 γυναῖκές
809 2353 1009 2437 ἐσμεν
1035 2344 1456 2419 ἀθλιώτατον
1484 2349 1705 2438 φυτόν
1721 2371 1737 2387 ·

467 2447 547 2532 ἃς
574 2457 804 2541 πρῶτα
832 2450 956 2539 μὲν
983 2455 1094 2520 δεῖ
1113 2451 1471 2541 χρημάτων
1497 2448 1841 2541 ὑπερβολῇ

468 2551 669 2622 πόσιν
695 2559 1026 2643 πρίασθαι
1054 2554 1389 2643 δεσπότην
1416 2581 1486 2624 τε
1517 2553 1818 2643 σώματος

472 2663 706 2744 λαβεῖν
725 2678 740 2692 ·
768 2663 984 2726 κακοῦ
1013 2654 1141 2748 γὰρ
1175 2656 1376 2727 τοῦτό
1403 2653 1474 2745 γ’
1512 2652 1748 2744 ἄλγιον
1774 2655 1988 2725 κακόν
2006 2677 2021 2693 ·

468 2753 598 2826 κάν
623 2755 784 2850 τῷδ’
817 2755 1004 2846 ἀγών
1027 2761 1368 2847 μέγιστος,
1397 2754 1441 2846 ἢ
1470 2757 1681 2828 κακὸν
1708 2765 1941 2844 λαβεῖν
2146 2773 2249 2830 235

465 2853 510 2946 ἦ
533 2858 841 2948 χρηστόν.
872 2855 956 2928 οὗ
981 2857 1108 2949 γὰρ
1141 2857 1437 2941 εὐκλεεῖς
1464 2858 1841 2948 ἀπαλλαγαὶ

470 2963 814 3046 γυναιξίν,
845 2956 1000 3029 οὐδ’
1035 2956 1184 3031 οἶόν
1212 2959 1274 3031 τ’
1308 2959 1690 3050 ἀνήνασθαι
1718 2959 1940 3031 πόσιν.

468 3066 562 3140 εἰς
589 3058 789 3130 καινὰ
817 3057 883 3130 δ’
916 3056 1058 3150 ἤθη
1091 3066 1203 3132 καὶ
1231 3064 1483 3151 νόμους
1510 3061 1895 3153 ἀφιγμένην

469 3167 575 3233 δεῖ
601 3160 845 3250 μάντιν
874 3161 1078 3251 εἶναι,
1105 3162 1197 3253 μὴ
1223 3172 1585 3253 μαθοῦσαν
1612 3174 1914 3253 οἴκοθεν,

466 3259 596 3356 ’ὅτῳ
624 3263 906 3353 μάλιστα
931 3265 1244 3355 χρήσεται
1273 3270 1666 3358 συνευνέτῃ.
2142 3280 2247 3335 240

462 3361 592 3434 κᾶν
619 3363 745 3453 μὲν
771 3364 922 3437 τάδ’
952 3363 1115 3456 ἡμῖν
1142 3372 1746 3458 ἐκπονουμέναισιν
1779 3358 1863 3438 εὖ

460 3465 652 3546 πόσις
678 3473 955 3561 ξυνοικῇ
983 3471 1073 3558 μὴ
1101 3473 1480 3563 βίᾳφέρων
1508 3473 1731 3559 ζυγόν,
