2534 3917
241 574 389 636 ΛΘ.

249 1896 392 1959 ΟΔ.

243 2406 386 2468 ΑΘ.

247 3324 391 3385 ΟΔ.

241 3527 366 3589 ΔΙ.

1125 192 1408 252 ΡΗΣΟΣ
2134 192 2263 256 329

475 357 925 449 σκυλεύματ’;
970 356 1014 450 ἢ
1045 366 1182 431 πᾶν
1221 360 1674 451 στρατόπεδον
1703 364 1975 453 πέρσειν
2003 371 2261 449 δοκεῖς;

481 470 770 550 πείθου,
797 462 1004 533 πάλιν
1031 470 1426 551 στείχωμεν·
1460 454 1542 533 εὖ
1577 461 1642 533 δ’
1679 474 1781 553 εἴη
1816 481 2062 555 τυχεῖν.

477 581 600 634 ποῖ
623 563 708 653 δὴ
730 564 1040 643 λιπόντες
1061 573 1385 655 Τρωικῶν
1419 568 1491 635 έκ
1521 566 1772 649 τάξεων
2156 585 2260 639 595

475 683 788 758 χωρεῖτε,
819 667 1000 757 λύπῃ
1028 672 1316 756 καρδίαν
1345 671 1761 756 δεδηγμένοι,

479 776 542 838 εἰ
564 768 654 857 μὴ
685 785 956 839 κτανεῖν
985 775 1183 860 σφῷν
1199 764 1465 860 Ἕκτορ’
1496 766 1541 859 ἦ
1570 770 1794 861 Πάριν
1818 769 1982 853 θεὸς

477 876 791 953 δίδωσιν;
829 867 1044 959 ἄνδρα
1073 868 1142 939 δ’
1176 867 1260 941 ού
1289 873 1597 942 πέπυσθε
1626 870 1972 961 σύμμαχον

484 979 690 1064 Τροίᾳ
715 972 1003 1061 μολόντα
1026 970 1256 1061 Ῥῆσον
1284 969 1368 1043 ού
1396 973 1638 1068 φαύλῳ
1663 974 1926 1069 τρόπω,

475 1070 550 1155 ὃς
578 1081 641 1143 εἰ
665 1080 905 1143 διοίσει
932 1074 1144 1144 νύκτα
1170 1072 1364 1164 τήνδ’
1402 1080 1469 1157 ἐς
1495 1074 1757 1167 αὔριον,
2155 1092 2259 1147 600

475 1172 621 1245 οὔτ’
658 1173 743 1245 ἄν
772 1172 892 1264 σφ’
923 1172 1271 1262 Ἀχιλλέως
1296 1174 1444 1247 οὔτ’
1485 1174 1569 1247 ἄν
1602 1188 1892 1259 Αἴαντος
1919 1177 2089 1267 δόρυ

473 1276 563 1366 μή
593 1278 808 1347 πάντα
838 1279 1078 1368 πέρσαι
1103 1277 1483 1367 ναύσταθμ’
1509 1276 1831 1369 Ἀργείων
1858 1282 2111 1367 σχέθοι,

473 1386 656 1468 τείχη
685 1379 1200 1462 κατασκάψαντα
1227 1382 1341 1449 καὶ
1368 1388 1604 1450 πυλῶν
1637 1387 1765 1450 ἔσω

475 1482 680 1571 λόγχῃ
706 1490 1027 1553 πλατεῖαν
1057 1480 1419 1572 είσδρομὴν
1452 1482 1879 1572 ποιούμενον.

471 1590 715 1653 τοῦτον
743 1582 1068 1667 κατακτάς
1094 1581 1290 1654 πάντ’
1326 1592 1514 1673 ἔχεις.
1546 1583 1660 1666 τὰς
1686 1582 1751 1654 δ’
1776 1580 2091 1675 Ἕκτορος
2152 1602 2255 1657 605

475 1683 676 1767 εὐνὰς
705 1692 904 1755 ἔασον
931 1688 1045 1757 καὶ
1076 1686 1495 1777 καρατόμους
1522 1686 1783 1777 σφαγάς
1803 1710 1817 1725 ·

474 1785 810 1883 ἔσταιργἀρ
843 1784 1025 1881 αὐτῷ
1054 1787 1349 1868 θάνατος
1375 1791 1441 1871 ἐξ
1470 1785 1670 1877 ἄλλης
1698 1788 1910 1877 χερός.

473 1887 770 1959 δέσποιν’
798 1886 1074 1977 Ἀθάνα,
1107 1892 1492 1978 φθέγματος
1516 1888 1644 1981 γὰρ
1672 1886 1985 1979 ᾐσθόμην

472 1998 594 2060 τοῦ
628 1998 753 2062 σοῦ
783 1991 1054 2080 συνήθη
1081 1999 1332 2082 γῆρυν·
1363 1994 1439 2061 έν
1467 1992 1733 2062 πόνοισι
1761 1990 1890 2082 γὰρ

473 2088 761 2183 παροῦσ’
797 2089 1074 2183 ἀμύνεις
1099 2109 1237 2174 τοῖς
1262 2096 1444 2182 έμοῖς
1470 2090 1584 2163 ἀεί
1604 2119 1765 2162 ποτε
1781 2116 1797 2131 ·
2150 2110 2255 2164 610

473 2193 592 2263 τὸν
619 2191 836 2284 ἄνδρα
865 2192 932 2265 δ’
964 2192 1126 2285 ἡμῖν
1154 2203 1288 2265 ποῦ
1320 2196 1763 2283 κατηύνασται
1794 2195 2079 2285 φράσον,

471 2296 688 2366 πόθεν
716 2298 1016 2368 τέτακται
1048 2298 1399 2388 βαρβάρου
1431 2297 1947 2389 στρατεύματος;

472 2395 578 2468 ὅδ’
614 2395 815 2487 ἐγγύς
848 2390 1043 2487 ἧσται
1068 2397 1194 2470 κού
1222 2400 1709 2491 συνήθροισται
1739 2407 2019 2490 στρατῷ,

473 2496 622 2570 ἀλλ’
656 2498 842 2582 ἐκτὸς
876 2499 1086 2572 αὐτὸν
1111 2503 1364 2585 τάξεων
1392 2502 1805 2592 κατηύνασεν

456 2598 748 2693 Ἕκτωρ,
772 2605 897 2683 ἕως
925 2599 1010 2674 ἂν
1037 2601 1159 2685 νὺξ
1191 2600 1549 2691 ἀμείψηται
1577 2602 1767 2690 φάος.
2150 2618 2254 2671 615

472 2707 674 2786 πέλας
701 2704 778 2773 δὲ
803 2712 1016 2774 πῶλοι
1045 2711 1362 2795 Θρῃκίων
1389 2708 1454 2787 ἐξ
1482 2702 1794 2793 ἁρμάτων

473 2808 710 2877 λευκαὶ
738 2809 1077 2894 δέδενται,
1108 2812 1498 2896 διαπρεπεῖς
1526 2808 1600 2874 ἐν
1630 2802 1966 2895 εὐφρόνῃ·

472 2916 818 2997 στίλβουσι
853 2906 921 2978 δ’
953 2903 1123 2978 ὥστε
1149 2915 1481 2998 ποταμίου
1508 2904 1767 2977 κύκνου
1803 2906 2066 2997 πτερόν.

472 3010 715 3092 ταύτας
740 3009 1096 3093 κτανόντες
1124 3010 1455 3100 δεσπότην
1481 3018 1798 3098 κομίζετε,

472 3112 827 3183 κάλλιστον
853 3123 1059 3195 οἴκοις
1087 3120 1375 3183 σκῦλον·
1410 3110 1494 3183 οὐ
1520 3111 1648 3202 γᾶρ
1679 3108 1830 3182 ἔσθ’
1860 3106 2035 3182 ὅπου
2148 3126 2253 3180 620

475 3213 730 3284 τοιόνδ’
769 3212 983 3304 ὄχημα
1008 3214 1201 3303 χθων
1228 3218 1518 3286 κέκευθε
1545 3214 1866 3284 πωλικόν.

472 3316 842 3406 Διόμηδες,
873 3313 918 3406 ἦ
949 3315 1035 3387 σὺ
1063 3333 1284 3387 κτεῖνε
1311 3318 1610 3410 Θρῄκιον
1638 3316 1833 3403 λεών,

472 3414 516 3505 ἢ
548 3415 688 3507 ’μοὶ
715 3419 920 3509 πάρες
948 3447 1058 3508 γε,
1087 3420 1196 3489 σοὶ
1223 3419 1300 3488 δὲ
1328 3418 1454 3510 χρὴ
1484 3419 1752 3501 πώλους
1772 3424 2021 3506 μέλειν.

474 3519 606 3607 ἐγώ
640 3520 987 3610 φονεύσω,
1020 3520 1569 3611 πωλοδαμνήσεις
1596 3521 1671 3590 δὲ
1702 3521 1817 3589 σύ·
