2534 3917
282 173 404 235 272

251 411 264 421 ,
286 342 413 402 op,

281 540 422 599 HT.

283 747 410 805 ΟΡ.

278 950 422 1009 HT.

284 1051 412 1110 ΟΡ.

243 1196 248 1199 -
280 1153 422 1211 HT.

287 1356 413 1415 ΟΡ.

280 1559 425 1617 HT.

287 1762 342 1821 Ο
351 1761 415 1819 Ρ.

281 1864 426 1923 HT.

289 1964 418 2025 ΟΡ.

282 2066 429 2126 HT.

289 2167 418 2228 ΟΡ.

283 2270 429 2329 HT.

291 2371 420 2430 ΟΡ.

285 2576 431 2635 HT.

294 2779 423 2839 ΟΡ.

286 2881 432 2939 HT.

293 2982 422 3042 ΟΡ.

293 3082 355 3145 Π
363 3084 431 3141 T.

293 3183 422 3242 ΟΡ.

287 3385 434 3446 HT.

1033 129 1042 137 η
1089 176 1482 234 ΟΡΕΣΤΗΣ

515 327 711 413 οὗτος
759 328 919 420 ἦλθ’
986 330 1020 401 ὁ
1084 333 1200 412 τὰς
1255 331 1523 419 ἀρίστας
1581 337 1959 417 θυγατέρας
2016 339 2290 416 σπείρας

1178 457 1413 518 πατηρ.
2185 448 2291 501 750

519 530 922 614 Τυνδάρεων
957 533 1198 614 λέγεις·
1269 537 1429 608 ἴσως
1471 551 1577 596 σοι
1611 531 1985 614 θυγατέρος
2015 529 2285 613 θυμού-

1195 659 1413 719 μενος.

501 736 836 805 αἰσθάνει.
885 733 958 804 τὸ
1009 739 1209 803 τοῦδε
1267 738 1469 821 κῆδος
1516 740 1770 820 μᾶλλον
1814 733 2008 804 εἵλετ’
2056 732 2103 823 ἢ
2152 764 2285 805 πα-

1187 835 1363 924 τρός.

505 937 674 1008 κούκ
705 937 1064 1025 ἐτόλμησεν
1090 936 1322 1006 πόνων
1351 942 1491 1004 σῶν
1505 933 1980 1019 ἀντιλάζυσθαι
2011 940 2284 1027 παρωνς

509 1038 592 1110 οὐ
627 1038 754 1129 γὰρ
783 1037 1099 1127 αἰχμητὴς
1134 1041 1460 1125 πέφυκεν,
1491 1041 1564 1106 ἐν
1594 1041 1857 1124 γυναιξὶ
1887 1036 1955 1107 δ’
1987 1036 2284 1128 ἄλκιμος.

505 1147 582 1211 ἐν
611 1156 837 1223 κακοῖς
869 1137 980 1229 ἄρ’
1021 1140 1085 1209 εἶ
1107 1147 1475 1228 μεγίστοις,
1518 1147 1637 1208 καί
1657 1136 1723 1208 σ’
1758 1136 2123 1227 ἀναγκαῖον
2150 1152 2288 1211 θα·-

1186 1258 1353 1310 νεῖν.
2185 1258 2287 1313 755

503 1353 736 1434 ψῆφον
797 1342 967 1432 ἄμφ’
1028 1341 1219 1433 ἡμῶν
1278 1350 1550 1422 πολίτας
1616 1346 1725 1412 ἐπὶ
1792 1344 1983 1434 φόνῳ
2035 1347 2290 1413 θέσθαι

1192 1445 1430 1532 χρεών.

508 1544 553 1636 ἢ
603 1561 828 1635 κρινεῖ
860 1553 931 1614 τί
974 1554 1227 1635 χρῆμα;
1284 1549 1504 1627 λέξον·
1566 1544 1678 1615 διὰ
1722 1546 1943 1634 φόβου
1998 1546 2124 1635 γὰρ
2172 1556 2289 1635 ἔρ-

1188 1675 1406 1736 χομαι.

505 1746 548 1839 ἢ
575 1762 818 1820 θανεῖν
843 1746 889 1837 ἦ
918 1746 1074 1837 ζῆν·’
1096 1746 1132 1819 ὁ
1159 1755 1379 1837 μῦθος
1414 1746 1497 1819 οὐ
1530 1749 1781 1839 μακρὸς
1809 1757 2084 1837 μακρῶν
2112 1755 2286 1840 πέρι.

510 1855 727 1941 φεῦγέ
749 1880 881 1922 νυν
905 1850 1125 1922 λιπών
1152 1856 1459 1941 μέλαθρα
1488 1850 1619 1920 σὺν
1643 1852 2005 1943 κασιγνήτῃ
2034 1855 2259 1921 σέθεν.

508 1952 630 2042 οὐχ
658 1951 856 2044 ὁρᾷςς
888 1955 1419 2043 φυλασσόμεσθα
1436 1961 1827 2044 φρουρίοισι,
1852 1960 2169 2042 πανταχῇ.
2188 1970 2289 2023 760

513 2056 697 2126 εἶδον
725 2053 972 2139 ἄστεως
1003 2054 1242 2144 ἀγυιὰς
1269 2056 1575 2143 τεύχεσιν
1601 2058 2093 2145 πεφραγμένας.

520 2156 807 2247 ὡσπερεὶ
835 2158 1026 2237 πόλις
1054 2156 1221 2248 πρὸς
1236 2162 1709 2247 ἐχθρῶνσῶμα
1736 2156 2276 2247 πυργηρούμεθα.

512 2257 687 2346 κάμέ
707 2287 839 2328 νυν
867 2264 1026 2350 ἐροῦ
1053 2268 1125 2328 τί
1145 2259 1374 2345 πάσχω
1392 2280 1407 2295 ·
1450 2260 1564 2327 καὶ
1593 2256 1720 2350 γὰρ
1750 2256 1951 2339 αὐτὸς
1982 2268 2259 2346 οἴχομαι.

519 2359 684 2448 πρὸς
725 2368 946 2443 τίνος;
989 2358 1173 2429 τοῦτ’
1222 2356 1307 2429 ἂν
1350 2369 1627 2451 προσείη
1669 2377 1804 2442 τοῖς
1846 2366 2026 2449 ἐμοῖς
2064 2376 2289 2439 κακοῖς

1205 2462 1435 2533 κακόν.

512 2558 850 2652 Στρόφιος
878 2561 1125 2653 ἤλασέν
1164 2562 1224 2653 μ’
1259 2562 1366 2635 ἄπ’
1403 2575 1611 2635 οἴκων
1639 2565 1913 2654 φυγάδα
1942 2566 2292 2651 θυμωθεὶς

569 2714 576 2721 ·
1197 2667 1435 2757 πατήρ.
2190 2680 2294 2736 765

519 2775 698 2838 ι”διον
724 2764 769 2856 ἦ
797 2767 1033 2839 κοινὸν
1063 2778 1365 2851 πολίταις
1400 2772 1742 2859 ἐπιφέρων
1767 2766 2063 2856 ἔγκλημά
2092 2795 2189 2849 τις

515 2868 619 2939 ὅτι
648 2871 1044 2959 συνηράμην
1077 2869 1293 2958 φόνον
1324 2892 1430 2939 σοι
1458 2870 1725 2959 μητρός,
1754 2867 2027 2940 ἀνόσιον
2055 2872 2293 2955 λέγων.

520 2962 575 3038 αἶ
601 2969 834 3056 τάλας,
869 2978 1046 3041 ἔοικε
1073 2974 1188 3040 καὶ
1216 2972 1293 3040 σὲ
1321 2968 1494 3059 τάμά
1524 2972 1851 3060 λυπήσειν
1879 2971 2069 3040 κακά.

517 3068 669 3157 οὐχὶ
698 3074 1024 3141 Μενέλεω
1054 3072 1362 3161 τρόποισι
1387 3073 1689 3163 χρώμεθ’
1712 3098 1727 3112 ·
1759 3077 2021 3144 οἰστέον
2046 3072 2223 3142 τάδε.

518 3168 600 3240 οὐ
651 3180 858 3260 φοβεῖ
904 3175 994 3261 μή
1041 3171 1104 3243 σ’
1146 3169 1389 3262 ’Ἁργος
1436 3172 1660 3267 ὥσπερ
1702 3173 1862 3265 κάμ’
1908 3172 2299 3244 ἀποκτεῖναι

1200 3279 1407 3368 θέλῃς
2194 3290 2301 3343 770

513 3372 595 3444 οὐ
624 3374 1048 3466 προσήκομεν
1075 3379 1381 3461 κολάζειν
1406 3386 1663 3467 τοῖσδε,
1696 3382 1990 3448 Φωκέων
2020 3378 2094 3447 δὲ
2128 3382 2235 3465 γῇ.
