2534 3917
219 586 357 648 ΚΤ.

221 789 364 849 ΟΔ.

221 889 284 952 K
288 891 357 950 Y.

223 1091 365 1154 OA.

1059 199 1354 258 ΚΤΚΛΩ
1368 199 1437 256 Ψ

446 373 808 462 πέρσαντες
838 367 1039 455 ἄστυ,
1071 367 1449 454 πνεύμασιν
1476 371 1869 445 θαλασσίοις

454 473 580 562 σὴν
611 487 812 560 γαῖαν
837 473 1238 552 ἐξωσθέντες
1265 466 1549 558 ἥκομεν,
1582 466 1902 548 Κύκλωψ.

439 566 484 663 ἦ
509 581 626 662 τῆς
659 580 972 660 κακίστης
1001 579 1070 642 οἳ
1090 567 1459 659 μετήλθεθ’
1494 565 1795 658 ἁρπαγὰς

437 674 702 762 Ἑλένης
739 673 1192 762 Σκαμάνδρου
1217 669 1468 761 γείτον’
1494 668 1691 740 Ἰλίου
1720 669 1951 750 πόλιν;

447 768 668 862 οὗτοι,
705 776 917 845 πόνον
943 773 1062 844 τὸν
1095 774 1329 844 δεινὸν
1358 771 1841 861 ἐξηντληκότες.

439 876 717 968 αἰσχρὸν
751 876 1126 966 στράτευμά
1156 872 1247 965 γ’,
1283 881 1524 954 οἵτινες
1550 881 1703 963 μιᾶς
1728 873 1924 963 χάριν

446 976 766 1067 γυναικὸς
796 975 1215 1060 ἐξεπλεύσατ’
1254 984 1347 1058 εἰς
1379 993 1579 1065 γαῖαν
1607 982 1920 1065 Φρυγῶν.

446 1088 620 1150 θεοῦ
648 1079 724 1150 τὸ
759 1086 1059 1167 πρᾶγμα·
1089 1075 1328 1167 μηδέν’
1361 1085 1550 1148 αἰτιῶ
1584 1083 1868 1168 βροτῶν.

449 1180 638 1270 ἡμεῖς
671 1184 753 1250 δέ
779 1179 870 1268 σ’,
901 1172 957 1248 ῶ
986 1187 1158 1248 θεοῦ
1188 1187 1470 1249 ποντίου
1497 1194 1769 1265 γενναῖε
1799 1194 1939 1266 παῖ,

452 1283 837 1372 ίκετεύομέν
865 1309 938 1352 τε
971 1284 1084 1350 καὶ
1113 1284 1396 1371 λέγομεν
1421 1281 1817 1369 ἐλευθέρως,

447 1384 538 1474 μὴ
570 1392 726 1476 τλῇς
759 1383 926 1474 πρὸς
955 1381 1165 1474 ἄντρα
1192 1383 1353 1465 σούς
1384 1378 1797 1471 ἀφιγμένους
1832 1385 2064 1462 ξένους

449 1501 720 1556 κτανεῖν
757 1486 970 1575 βοράν
997 1515 1068 1555 τε
1097 1491 1392 1574 δυσσεβῆ
1422 1488 1673 1554 θέσθαι
1708 1483 1988 1571 γνάθοις
2008 1506 2022 1521 ·

2102 195 2219 260 177

2122 587 2224 640 280

2124 1096 2225 1150 285

453 1595 523 1656 οἳ
544 1586 666 1657 τὸν
697 1587 854 1673 σόν,
886 1578 1097 1675 ῶναξ,
1133 1584 1366 1678 πατέρ’
1400 1593 1576 1674 ἔχειν
1605 1592 1794 1654 ναῶν
1822 1588 2021 1675 ἕδρας
2124 1603 2227 1657 290

454 1690 920 1780 ἐρρυσάμεσθα
955 1697 1077 1778 γῆς
1103 1693 1177 1758 ἐν
1202 1685 1513 1768 Ἑλλάδος
1547 1702 1800 1774 μυχοῖς.
1832 1681 1855 1702 ⁶

456 1792 628 1881 ιἐρός
663 1787 723 1858 τ’
765 1786 1148 1875 ἄθραυστος
1191 1789 1529 1878 Ταινάρου
1553 1791 1742 1876 μένει
1770 1787 1972 1876 λιμὴν
2060 1827 2067 1834 ·

448 1893 730 1971 Μαλέας
756 1887 816 1958 τ’
851 1885 1044 1980 α”κροι
1072 1897 1467 1976 κευθμῶνες
1497 1886 1542 1976 ἦ
1572 1916 1645 1958 τε
1676 1896 1981 1960 Σουνίου

455 1999 601 2075 δίας
627 1989 918 2073 Ἀθάνας
945 1999 1077 2072 σῶς
1103 1989 1493 2082 ὑπάργυρος
1521 1992 1727 2079 πέτρα

457 2101 844 2185 Γεραίστιοί
867 2122 940 2164 τε
965 2100 1384 2183 καταφυγαί,
1420 2093 1502 2162 τά
1527 2088 1603 2160 θ’
1627 2088 1937 2174 Ἑλλάδος

455 2196 766 2286 δύσφορά
795 2193 862 2320 γ’
902 2193 1133 2284 ὀνείδη
1166 2197 1423 2286 Φρυξὶν
1450 2190 1576 2264 οῦκ
1604 2193 1978 2282 ἐδώκαμεν·

457 2287 556 2365 ῶν
588 2300 702 2367 καὶ
733 2296 819 2367 σύ
855 2300 1100 2368 κοινοῖ·
1133 2305 1254 2388 γῆς
1286 2326 1414 2389 γαρ
1434 2293 1743 2376 Ελλάδος
1770 2295 2026 2384 μυχοῦς

456 2405 661 2478 οἰκεῖς
693 2395 813 2467 ὑπ’
850 2411 1066 2491 Αἴτνῃ
1135 2407 1216 2490 τῇ
1243 2399 1667 2490 πυριστάκτω
1693 2400 1921 2489 πέτρα.

458 2498 664 2586 νόμος
688 2501 766 2568 δὲ
791 2511 1089 2589 θνητοῖς,
1120 2509 1185 2571 εί
1210 2505 1456 2582 λόγους
1479 2505 1887 2588 ἐπιστρέφει,

457 2602 673 2681 ἱκέτας
703 2603 1017 2688 δέχεσθαι
1042 2610 1357 2683 ποντίους
1389 2604 1861 2692 ἐφθαρμένους

459 2701 641 2784 ξένιά
667 2717 752 2772 τεΙ
771 2708 1010 2774 δοῦναι
1039 2708 1153 2774 καὶ
1179 2707 1456 2783 πέπλοις
1484 2705 1862 2792 ἐπαρκέσαι,

455 2800 579 2872 οῦκ
607 2801 780 2893 ἀμφὶ
807 2807 1205 2896 βουπόροισι
1228 2806 1607 2893 πηχθέντας
1633 2805 1796 2891 μέλη

459 2901 755 2992 ὀβελοῖσι
779 2905 1001 2994 νηδὺν
1027 2911 1140 2978 καὶ
1166 2907 1431 2996 γνάθον
1458 2912 1703 2993 πλῆσαι
1732 2907 1955 2973 σέθεν.

462 3003 607 3088 ἅλις
637 3007 714 3076 δὲ
738 3007 1054 3097 Πριάμου
1082 3007 1220 3097 γαῖ’
1252 3004 1535 3098 ἐχήρωσ’
1565 3005 1864 3093 Ἑλλάδα,

459 3114 727 3178 πολλῶν
752 3117 1016 3198 νεκρῶν
1040 3118 1289 3181 πιοῦσα
1331 3117 1647 3200 δοριπετῆ
1684 3109 1922 3196 φόνον,

2126 2111 2227 2164 295

2130 3124 2231 3178 305

459 3205 741 3298 ἀλόχους
773 3207 835 3278 τ’
873 3209 1253 3299 ἀνάνδρους
1285 3219 1495 3303 γραῦς
1518 3210 1581 3280 τ’
1620 3207 1906 3291 ἄπαιδας
1934 3207 2140 3279 ὤλεσε

455 3311 732 3391 πολιούς
759 3339 832 3382 τε
865 3318 1169 3402 πατέρας.
1203 3320 1267 3383 εί
1296 3315 1374 3383 δὲ
1406 3311 1563 3393 τοὺς
1595 3314 2065 3400 λελειμμένους

459 3410 546 3481 σῦ
574 3413 1028 3513 συμπυρῶσας
1056 3413 1230 3484 δαῖτ’
1265 3413 1629 3495 ἀναλῶσεις
1663 3413 1931 3504 πικράν,

458 3530 580 3584 ποῖ
601 3516 921 3604 τρέψεταί
940 3542 1071 3600 τις;
1103 3513 1253 3586 ἀλλ’
1287 3518 1433 3604 ἐμοὶ
1458 3522 1705 3603 πιθοῦ,
1737 3517 2060 3599 Κύκλωψ,

393 3631 577 3672 nvmp,
623 3633 750 3672 νοτ..
791 3617 857 3671 ΙΙ.

1824 3609 1905 3672 12

2246 2029 2282 2068 Φ
