2534 3917
1125 171 1294 239 ΙΩΝ
2085 170 2204 234 135

428 342 782 434 πρόσειπε,
809 341 1074 429 μέλλων
1102 337 1401 430 Δελφίδ’
1433 344 1734 412 ἐκλιπεῖν
1763 341 1982 413 πόλιν.
2105 360 2206 415 665

427 441 587 534 ὑμῖν
614 444 689 513 δὲ
718 449 950 532 σιγᾶν,
982 447 1306 531 δμωίδες,
1336 445 1509 532 λέγω
1543 443 1726 530 τάδε,

421 542 466 637 ἦ
490 546 793 622 θάνατον
822 543 1202 616 εἰπούσαισι
1227 544 1396 636 πρὸς
1421 543 1710 635 δάμαρτ’
1744 547 1931 636 ἐμήν.

186 657 389 720 [RN.
422 644 742 737 στείχοιμ’
775 644 891 717 ἄν·
924 641 999 718 ἓν
1028 647 1105 718 δὲ
1138 655 1255 738 τῆς
1280 647 1484 737 τύχης
1511 646 1753 720 ἄπεστί
1773 672 1919 737 μοι·

425 759 488 822 εἰ
514 750 605 840 μὴ
638 749 769 841 γὰρ
797 747 941 838 ἥτις
974 745 1048 837 μ’
1081 757 1308 821 ἔτεκεν
1338 746 1639 841 εὑρήσω,
1671 749 1900 841 πάτερ,

425 851 720 941 ἀβίωτον
752 849 946 941 ἡμῖν·
986 858 1051 922 εί
1079 849 1144 921 δ’
1174 853 1587 936 ἐπεύξασθαι
1611 853 1854 945 χρεων,
2104 871 2209 925 670

426 960 501 1026 ἐκ
536 963 674 1025 τῶν
697 952 1011 1043 Ἀθηνῶν
1038 951 1112 1043 μ’
1144 951 1187 1044 ἡ
1223 953 1492 1026 τεκοῦσ’
1525 967 1627 1044 εἴη
1659 956 1855 1045 γυνή,

428 1055 518 1140 ὥς
544 1087 657 1147 μοι
690 1060 964 1146 γένηται
990 1056 1338 1148 μητρόθεν
1365 1067 1724 1150 παρρησία.

420 1158 735 1250 καθαρὰν
765 1157 894 1250 γὰρ
921 1154 1009 1246 ἤν
1035 1186 1134 1240 τις
1164 1166 1258 1240 είς
1287 1158 1487 1230 πόλιν
1527 1163 1696 1251 πέσῃ
1725 1163 1930 1249 ξένος,

420 1259 549 1332 κᾶν
577 1277 715 1344 τοῖς
741 1261 1054 1350 νόμοισιν
1082 1257 1280 1343 ἆστός
1308 1252 1390 1352 ᾖ,
1421 1261 1500 1332 τό
1531 1291 1608 1352 γε
1642 1262 1852 1350 στόμα

423 1371 674 1436 δοῦλον
705 1367 993 1434 πέπαται
1026 1359 1197 1434 κούκ
1228 1371 1364 1453 ἔχει
1396 1372 1798 1457 παρρησίαν.
2108 1382 2210 1436 675

188 1477 332 1538 XO.
424 1464 560 1557 ὁρῶ
595 1466 859 1557 δάκρυα
893 1468 1006 1536 καὶ
1038 1474 1419 1555 πενθίμους
1897 1490 2041 1558 στρ.

427 1567 755 1657 ἀλαλαγὰς
782 1571 1256 1655 στεναγμάτων
1284 1566 1350 1636 τ’
1380 1571 1708 1660 εἰσβολάς,

424 1667 586 1741 ὅταν
612 1669 737 1759 ἐμὰ
764 1670 1099 1761 τύραννος
1134 1667 1495 1742 εὐπαιδίαν

422 1773 621 1844 πόσιν
656 1768 870 1862 ἔχοντ’
911 1779 1079 1862 εἰδῇ,

421 1873 591 1965 αὐτὴ
620 1873 691 1944 δ’
724 1872 925 1956 ἅπαις
950 1865 996 1966 ᾗ
1021 1878 1136 1945 καὶ
1163 1879 1558 1965 λελειμμένη
1590 1879 1867 1946 τέκνων.
2106 1893 2209 1948 680

420 1976 581 2067 τίν’,
611 1969 667 2046 ὦ
700 1994 828 2048 παῖ
853 1977 1185 2068 πρόμαντι
1208 1985 1476 2059 Λατοῦς
1502 1984 1700 2068 ἔχρη-

418 2103 543 2161 σας
568 2077 956 2172 ὑμνῳδίαν,

422 2183 644 2254 πόθεν
674 2179 711 2253 ὁ
740 2199 899 2264 παῖς
923 2180 1031 2254 ὅδ’
1065 2179 1241 2272 ἀμφὶ
1265 2181 1474 2264 ναοὺς
1502 2183 1710 2252 σέθεν

418 2285 749 2375 τρόφιμος
776 2288 997 2374 ἐξέβα,
1031 2293 1378 2374 γυναικῶν
1410 2294 1630 2369 τίνος;

420 2385 510 2457 ού
537 2387 667 2478 γάρ
701 2415 783 2476 με
818 2394 1038 2457 σαίνει
2105 2401 2210 2457 685

420 2493 771 2578 θέσφατα,
801 2487 893 2575 μή
923 2485 1057 2557 τιν’
1098 2497 1214 2579 ἔχῃ
1250 2489 1474 2559 δόλον.

418 2597 748 2681 δειμαίνω
775 2587 1139 2681 συμφορὰν

420 2691 535 2782 ἐφ’
568 2690 608 2765 ὅ
639 2719 800 2763 ποτε
824 2691 1122 2782 βάσεται.

422 2791 667 2876 ἄτοπος
692 2792 906 2865 ἄτοπα
936 2792 1066 2883 γὰρ
1101 2799 1530 2886 παραδίδωσί
1553 2821 1668 2884 μοι
2107 2809 2209 2864 690

426 2897 588 2968 τάδε
622 2904 796 2967 θεοῦ
832 2896 1041 2987 φήμα.

422 3005 558 3087 ἔχει
587 2998 817 3089 δόμων
843 3003 1053 3088 τύχαν
1076 2997 1112 3069 ὃ
1138 3014 1292 3080 παῖς

418 3097 645 3173 ἄλλων
671 3105 949 3192 τραφεὶς
976 3104 1042 3184 ἐξ
1069 3101 1388 3190 αἱμάτων.

424 3211 526 3285 τίς
555 3200 639 3274 ού
666 3204 827 3274 τάδε
854 3209 1269 3289 &uvolae-vau

423 3312 650 3395 φίλαι,
680 3303 909 3398 πότερ’
944 3311 1069 3397 ἐμᾷ
1098 3313 1426 3398 δεσποίνᾳ
1889 3299 2028 3375 ἀντ.
2103 3321 2208 3375 695

422 3407 581 3478 τάδε
613 3413 825 3499 τορῶς
857 3412 924 3489 ἐς
953 3401 1073 3488 οὖς
1102 3407 1598 3496 γεγωνήσομεν,

810 3528 915 3584 676
938 3555 1009 3564 --
1026 3527 1133 3585 694
1152 3548 1239 3576 =
1265 3529 1368 3584 695
1389 3553 1464 3564 -
1481 3527 1586 3582 713
