2534 3917
256 199 383 264 140
1147 199 1315 258 15sz

488 367 747 440 τοιάσδ’
770 392 786 407 ·
817 367 1023 450 ἆλούς
1048 369 1172 457 μὲν
1201 364 1478 458 ἀνέφερ’
1515 373 1609 448 είς
1636 365 1756 437 τὸν
1784 372 2092 456 δαίμονα,

487 471 727 542 λαθών
755 472 831 543 δὲ
858 473 972 543 καὶ
999 470 1119 542 τὸν
1143 470 1393 561 χρόνον
1419 466 1802 557 ἀμύνεσθαι
1829 473 2058 540 θέλων

486 571 838 664 τυραννίδ’
871 570 1056 666 αὐτῷ
1082 580 1472 664 περιβαλεῖν
1501 579 1734 661 ἔμελλε
1761 580 1902 661 γῆς.

489 675 730 747 καινὸν
756 677 832 747 δὲ
858 673 1135 764 τοῦνομ’
1169 671 1300 744 ἆνά
1329 673 1577 764 χρόνον
1604 677 2092 764 πεπλασμένον,
2166 693 2274 748 830

468 777 658 867 Ἴων,
694 779 865 850 ἰόντι
894 785 1110 868 δῆθεν
1137 775 1239 847 ὅτι
1267 777 1655 866 συνήντετο.

261 890 404 950 XO.
489 892 701 969 οἴμοι,
723 882 1156 972 πανούργους
1184 877 1437 970 ἄνδρας
1466 877 1555 960 ὡς
1583 877 1690 950 ἀεὶ
1716 888 1964 968 στυγῶ,

494 992 566 1053 οἳ
584 986 1019 1063 συντιθέντες
1044 978 1267 1053 τᾶδικ’
1306 980 1445 1052 εἶτα
1469 990 1762 1071 μηχανὰς

494 1091 837 1173 κοσμοῦσι.
880 1092 1149 1174 φαῦλον
1173 1082 1462 1175 χρηστὸν
1489 1080 1574 1154 ἂν
1600 1093 1836 1175 λαβεῖν
1868 1093 2070 1174 φίλον

496 1189 766 1278 θέλοιμι
790 1195 1046 1277 μᾶλλον
1071 1181 1117 1274 ἦ
1144 1185 1356 1257 κακὸν
1383 1188 1794 1278 σοφώτερον.
2168 1205 2274 1260 835

176 1357 179 1360 ,
262 1298 452 1360 ΠΑΙ.
492 1293 607 1360 καὶ
634 1289 843 1362 τῶνδ’
876 1287 1195 1362 ἁπάντων
1224 1297 1501 1377 ἔσχατον
1527 1297 1744 1360 πείσει
1771 1290 2016 1359 κακόν·

494 1389 800 1484 ἀμήτορ’,
834 1393 1331 1484 ἀναρίθμητον,
1363 1395 1437 1461 ἐκ
1463 1392 1712 1480 δούλης
1741 1389 1925 1472 τινὸς

496 1495 851 1583 γυναικός,
884 1503 979 1575 εἰς
1004 1492 1127 1565 σὸν
1159 1501 1352 1582 δῶμα
1380 1493 1714 1581 δεσπότην
1741 1491 1909 1582 ἄγει.

496 1593 759 1667 ἁπλοῦν
789 1593 875 1667 ἂν
901 1589 989 1687 ἦν
1017 1595 1143 1686 γὰρ
1174 1598 1249 1668 τὸ
1277 1597 1522 1684 κακόν,
1553 1603 1619 1666 εί
1641 1593 1802 1688 παρ’
1837 1593 2158 1685 εὐγενοῦς

496 1698 774 1789 μητρός,
805 1698 1037 1770 πιθών
1064 1720 1173 1787 σε,
1204 1698 1336 1789 σὴν
1360 1702 1580 1787 λέγων
1605 1696 1951 1787 ἀπαιδίαν,
2170 1715 2278 1769 840

496 1797 763 1894 ἐσῴκισ’
797 1813 1026 1882 οἴκους
1044 1825 1059 1840 ·
1092 1810 1156 1873 εί
1177 1803 1255 1874 δὲ
1282 1803 1389 1871 σοὶ
1417 1798 1561 1872 τόδ’
1592 1793 1680 1892 ἦν
1710 1800 1975 1893 πικρόν,

496 1911 632 1973 τῶν
661 1905 916 1974 Αἰόλου
942 1933 1057 1975 νιν
1085 1913 1255 1996 χρῆν
1285 1901 1653 1995 ὀρεχθῆναι
1678 1905 1932 1993 γάμων.

498 2009 571 2075 ἐκ
599 2012 816 2076 τῶνδε
844 2014 954 2077 δεῖ
975 2028 1050 2078 σε
1079 2007 1164 2097 δὴ
1192 2007 1587 2097 γυναικεῖόν
1612 2036 1677 2076 τι
1705 2013 1909 2097 δρᾶν·

496 2102 541 2196 ἦ
566 2106 697 2200 γαρ
725 2112 919 2197 ξίφος
945 2117 1293 2198 λαβοῦσαν
1319 2105 1364 2198 ἢ
1390 2110 1570 2201 δόλῳ
1596 2111 1732 2178 τινὶ

496 2206 541 2298 ή
568 2211 980 2300 φαρμάκοισι
1005 2209 1130 2280 σὸν
1157 2227 1582 2282 κατακτεῖναι
1612 2211 1810 2281 πόσιν
2167 2225 2273 2281 845

494 2313 609 2380 καὶ
637 2318 875 2398 παῖδα,
920 2314 1082 2398 πρὶν
1109 2316 1216 2383 σοὶ
1241 2313 1548 2384 θάνατον
1575 2317 1649 2384 ἐκ
1679 2319 1923 2383 κείνων
1951 2321 2203 2400 μολεῖν.

500 2419 592 2496 [εί
611 2411 739 2503 γάρ
768 2411 837 2502 γ’
870 2410 1158 2502 ὑφήσεις
1183 2413 1401 2504 τοῦδ’,
1434 2413 1793 2498 ἀπαλλάξει
1823 2423 2008 2505 βίου·

498 2520 697 2585 δυοῖν
725 2515 853 2607 γὰρ
880 2520 1158 2605 ἐχθροῖν
1187 2525 1283 2598 εἰς
1312 2515 1388 2589 ἓν
1415 2518 1772 2588 ἐλθόντοιν
1800 2519 2050 2607 στέγος,

496 2613 541 2707 ή
568 2618 863 2709 θάτερον
889 2625 1001 2688 δεῖ
1022 2625 1382 2710 δυστυχεῖν
1412 2615 1458 2709 ἦ
1485 2620 1824 2711 θάτερον]

501 2720 631 2809 ἐγώ
662 2722 787 2811 μὲν
813 2713 943 2794 οὖν
971 2744 1078 2795 σοι
1104 2727 1217 2794 καὶ
1244 2737 1690 2795 συνεκπονεῖν
1717 2724 1923 2810 θέλω,
2181 2736 2286 2792 850

500 2827 614 2893 καὶ
642 2826 1106 2913 συμφονεύειν
1133 2823 1326 2896 παῖδ’
1360 2821 1778 2895 ἑπεισελθων
1808 2824 2042 2912 δόμοις

502 2917 589 2993 οὗ
620 2922 812 2994 δαῖθ’
846 2923 1134 3015 ὁπλίζει,
1162 2931 1278 2997 καὶ
1303 2943 1586 3019 τροφεῖα
1615 2927 1969 3006 δεσπόταις

504 3022 798 3107 ἀποδοὺς
830 3037 1075 3099 θανεῖν
1100 3057 1173 3099 τε
1198 3036 1330 3114 ζῶν
1358 3056 1429 3100 τε
1457 3033 1708 3119 φέγγος
1741 3035 2032 3118 εἰσορᾶν.

506 3122 583 3195 ἓν
612 3127 740 3217 γάρ
769 3155 833 3196 τι
860 3145 1002 3210 τοῖς
1032 3132 1382 3202 δούλοισιν
1407 3130 1738 3220 αἰσχύνην
1767 3133 1983 3220 φέρει,

502 3225 830 3319 τοῦνομα·
861 3230 944 3302 τὰ
975 3228 1042 3301 δ’
1078 3230 1247 3304 ἄλλα
1277 3233 1493 3304 πάντα
1519 3239 1657 3303 τῶν
1685 3235 2076 3322 ἐλευθέρων
2185 3247 2294 3304 855

505 3327 713 3399 οὐδὲν
759 3343 1013 3403 κακίων
1047 3341 1324 3424 δοῦλος,
1356 3333 1537 3416 ὅστις
1565 3333 1812 3415 ἐσθλὸς
1838 3326 1902 3423 ᾗ.

270 3437 418 3499 XO.
500 3429 723 3521 κάγώ,
754 3442 918 3523 φίλη
948 3440 1300 3524 δέσποινα,
1331 3434 1693 3527 συμφορὰν
1720 3439 1906 3506 θέλω

508 3539 917 3625 κοινουμένη
943 3536 1135 3626 τήνδ’
1168 3533 1214 3627 ἦ
1242 3548 1487 3607 θανεῖν
1513 3533 1558 3625 ἦ
1586 3544 1706 3626 ζῆν
1732 3543 1974 3618 καλῶς.
