2534 3917
247 183 371 246 204

250 563 416 624 MH.

253 1072 385 1133 KP.

259 2089 422 2150 MH.

1083 181 1439 238 ΜΗΔΕΙΑ

481 348 669 420 τοῦδ’
713 352 844 438 εἰμὶ
875 345 1046 418 κούκ
1071 344 1303 436 ἄπειμι
1329 344 1496 435 πρὸς
1525 344 1771 433 δόμους
1799 344 2023 432 πάλιν,
2154 361 2256 417 275

480 455 642 543 πρὶν
671 450 755 522 ἅν
783 472 858 521 σε
886 457 1078 538 γαίας
1104 448 1452 538 τερμόνων
1480 451 1601 529 ἔξω
1629 448 1833 536 βάλω.

480 561 651 624 αἰαῖ·
690 553 1002 642 πανώλης
1040 548 1082 641 ἡ
1111 546 1370 621 τάλαιν’
1406 547 1806 638 ἀπόλλυμαι.

479 655 869 746 ἐχθροὶγὰρ
899 659 1106 738 ἐξιᾶσι
1134 654 1348 724 πάντα
1383 650 1467 739 δὴ
1497 652 1745 739 κάλων,

480 756 651 827 κούκ
681 765 862 828 ἔστιν
889 754 1047 845 ἄτης
1081 753 1555 845 εὖπρόσοιστος
1584 761 1871 842 ἔκβασις.

479 860 797 949 ἐρήσομαι
827 861 902 928 δὲ
931 861 1044 928 καὶ
1073 864 1294 938 κακῶς
1322 853 1646 943 πάσχουσ’
1687 852 1883 943 ὅμως,
2159 874 2263 928 280

482 969 663 1042 τίνος
689 959 761 1050 μ’
795 965 981 1032 ἕκατι
1007 967 1129 1050 γῆς
1156 957 1611 1044 άποστέλλεις,
1640 961 1897 1048 Κρέον,

481 1063 753 1133 δέδοικά
780 1060 870 1150 σ’,
900 1060 1107 1133 οὐδὲν
1133 1067 1245 1133 δεῖ
1267 1062 1724 1152 παραμπέχειν
1750 1059 2013 1147 λόγους,

480 1166 573 1256 μή
599 1173 720 1254 μοί
747 1195 812 1235 τι
839 1166 1089 1255 δράσῃς
1115 1161 1306 1234 παῖδ’
1340 1161 1707 1251 ἀνήκεστον
1739 1162 1970 1232 κακόν.

482 1269 932 1357 συμβάλλεται
961 1268 1037 1337 δὲ
1064 1265 1278 1338 πολλὰ
1305 1271 1505 1336 τοῦδε
1540 1271 1875 1353 δείματος·

483 1368 660 1459 σοφὴ
698 1373 1003 1458 πέφυκας
1033 1371 1146 1438 καὶ
1173 1376 1402 1437 κακῶν
1432 1373 1701 1438 πολλῶν
1732 1373 1925 1456 ἴδρις,
2074 1385 2079 1392 ’
2159 1383 2259 1438 285

483 1480 686 1540 λυπεῖ
715 1472 790 1541 δὲ
816 1474 1114 1559 λέκτρων
1142 1468 1389 1557 ἀνδρὸς
1417 1471 1838 1560 ἐστερημένη.

483 1572 668 1641 κλύω
705 1569 772 1642 δ’
805 1569 1106 1643 ἀπειλεῖν
1134 1569 1230 1658 σ’,
1265 1568 1354 1651 ὥς
1382 1568 1884 1669 ἀπαγγέλλουσί
1905 1599 2037 1658 μοι,

483 1673 604 1743 τὸν
634 1674 840 1744 δόντα
874 1677 988 1744 καὶ
1016 1674 1317 1763 γήμαντα
1351 1675 1465 1742 καὶ
1499 1675 1929 1761 γαμουμένην

488 1776 763 1866 δράσειν
790 1802 872 1845 τι.
909 1773 1100 1846 ταῦτ’
1136 1767 1263 1845 οὖν
1294 1778 1457 1862 πρὶν
1493 1787 1745 1844 παθεῖν
1772 1775 2166 1864 φυλάξομαι.

486 1893 799 1967 κρεῖσσον
827 1881 910 1949 δέ
933 1907 1045 1968 μοι
1072 1886 1204 1948 νῦν
1246 1876 1415 1967 πρὸς
1456 1873 1521 1946 σ’
1556 1872 2006 1965 ἀπεχθέσθαι,
2036 1878 2259 1966 γύναι,

487 1976 530 2068 ἢ
563 1978 1113 2068 μαλθακισθένθ’
1146 1976 1437 2071 ὕστερον
1463 1982 1909 2067 μεταστένειν.
2162 1997 2257 2051 291

488 2090 623 2170 φεῦ
663 2090 832 2173 φεῦ·

485 2181 570 2253 οὐ
598 2192 733 2254 νῦν
757 2212 842 2272 με
870 2190 1168 2275 πρῶτον,
1199 2182 1369 2252 ἀλλὰ
1398 2183 1746 2270 πολλάκις,
1778 2185 2021 2272 Κρέον,

487 2292 734 2374 ἔβλαψε
767 2287 925 2368 δόξα
953 2286 1205 2374 μεγάλα
1238 2283 1303 2354 τ’
1338 2293 1677 2377 εἴργασται
1707 2285 1898 2355 κακά.

485 2386 610 2476 χρὴ
643 2384 710 2455 δ’
745 2384 995 2456 ουποθ’
1031 2409 1208 2469 οστις
1237 2385 1588 2478 ἀρτίφρων
1614 2385 1869 2477 πέφυκ’
1912 2385 2083 2477 ἀνὴρ

491 2493 733 2570 παῖδας
761 2497 1091 2579 περισσῶς
1119 2490 1641 2561 ἐκδιδάσκεσθαι
1666 2488 1950 2578 σοφούς·
2161 2507 2262 2560 295

485 2593 686 2682 χωρὶς
711 2590 841 2683 γὰρ
869 2588 1072 2682 αλλης
1100 2583 1181 2680 ἦς
1209 2600 1475 2682 ἔχουσιν
1505 2589 1740 2681 ἀργίας

487 2694 757 2782 φθόνον
785 2694 952 2786 πρὸς
985 2694 1205 2766 ἆστων
1233 2693 1613 2784 ἆλφάνουσι
1640 2699 1960 2784 δυσμενῆ.

495 2813 785 2867 σκαιοῖσι
813 2799 937 2886 μὲν
964 2799 1092 2888 γὰρ
1122 2798 1323 2868 καινὰ
1351 2799 1756 2889 προσφέρων
1784 2795 1963 2886 σοφὰ

491 2898 703 2978 δόξεις
731 2897 994 3021 ἀχρεῖος
1020 2927 1146 2969 κου
1175 2898 1385 2990 σοφὸς
1419 2901 1828 2988 πεφυκέναι·

489 3025 627 3067 των
661 2997 728 3068 δ’
762 3003 851 3068 αὐ
884 3000 1273 3071 δοκούντων
1302 3005 1553 3071 εἰδέναι
1578 3029 1643 3070 τι
1672 3009 1979 3071 ποικίλον
2161 3015 2267 3068 300

471 3106 821 3189 ,κρείσσων
846 3105 1195 3190 νομισθεὶς
1223 3101 1477 3191 λυπρὸς
1502 3107 1578 3172 ἐν
1606 3104 1796 3172 πόλει
1826 3118 2046 3191 φανεῖ.

487 3202 616 3291 ἐγω
655 3203 729 3272 δὲ
763 3201 1205 3292 καύτὴπῆσδε
1232 3211 1538 3274 κοινωνῶ
1567 3205 1789 3293 τύχης.

487 3304 666 3393 σοφὴ
701 3305 828 3398 γὰρ
866 3297 1038 3378 οὖσα
1101 3323 1237 3387 τοῖς
1265 3309 1389 3396 μέν
1418 3302 1549 3394 εἰμ’
1584 3309 1977 3394 ἐπίφθονος,

475 3542 598 3599 τοῖς
635 3535 693 3590 δ’
732 3534 1010 3609 ἡσυχαία,
1039 3359 1559 3716 Ns'qov
1595 3535 1833 3608 τρόπον,
2166 3539 2274 3593 304

1408 3717 1529 3813 Χ,

1605 3841 1688 3852 -αᾳ,
