2534 3917
265 176 392 240 254

275 357 413 417 XO.

272 457 412 518 HA.

270 661 403 722 XO.

270 766 395 822 HJ
403 810 411 818 .

270 1070 407 1130 XO.

266 2086 407 2146 XO.

274 2390 403 2450 OF.

270 3002 415 3062 HA.

274 3210 403 3266 GP„

270 3414 411 3470 HA,

1073 176 1466 236 ΟΡΕΣΤΗΣ
2193 128 2426 225 A,
2469 260 2476 269 .

498 345 731 432 θρόει,
762 350 861 423 τίς
889 350 1118 412 κακῶν
1149 341 1425 411 τελευτὰ
1453 345 1675 430 μένει;
1994 341 2136 416 ἀντ.

495 458 771 516 θανεῖν·
802 453 873 514 τί
896 442 961 512 δ’
997 442 1193 525 ἄλλος

494 545 658 618 οὐδὲ
709 548 840 635 γὰρ
888 547 1112 617 πόθον
1139 553 1272 634 ἔχει
1300 552 1524 637 βορᾶς.

495 650 825 741 πρόδηλος
855 639 964 739 ἀρ’
997 645 1033 718 ὁ
1062 649 1326 737 πότμος.
2179 669 2285 724 190

495 754 809 834 ἐξέθυσεν
857 759 1103 839 Φοῖβος
1134 747 1304 838 ἡμᾶς

499 856 735 942 μέλεον
762 849 1108 940 ἀπόφονον
1136 849 1297 940 αἷμα
1326 851 1488 933 δοῦς

499 954 933 1046 πατροφόνου
959 955 1222 1044 ματρός.

495 1065 652 1149 δίκα
677 1059 819 1144 μέν.
848 1064 998 1126 HA.
1030 1064 1247 1140 καλῶς
1281 1053 1346 1125 δ’
1379 1052 1482 1126 οῦ.

495 1166 722 1238 ἔκανες
765 1166 1122 1247 ἔθανες,ω
1862 1202 1865 1205 *
2179 1183 2280 1238 195

495 1263 818 1350 τεκομένα
845 1289 928 1350 με
953 1269 1194 1352 μᾶτερ,
1224 1258 1355 1330 ἀπὸ
1394 1256 1460 1329 δ’
1496 1257 1746 1341 ῶλεσας

499 1367 748 1454 πατέρα
775 1367 975 1432 τέκνα
997 1391 1069 1432 τε
1096 1362 1254 1432 τάδε
1286 1365 1491 1431 σέθεν
1520 1359 1630 1452 ἀφ’
1664 1369 1968 1451 αἳματος·

499 1462 775 1552 ὀλόμεθ’
811 1467 1184 1552 ἰσονέκυες,
1214 1461 1533 1550 ὀλόμεθα.
2172 1485 2276 1538 200

499 1567 583 1635 σύ
610 1593 680 1634 τε
707 1564 836 1656 γὰρ
869 1569 943 1635 ἐν
971 1581 1268 1656 νεκροῖς,
1312 1565 1390 1659 τό
1411 1562 1471 1634 τ’
1507 1565 1669 1653 ἐμὸν
1698 1577 1947 1655 οἴχεται
2061 1615 2067 1621 ·

499 1675 654 1758 βίον
683 1666 758 1737 τὸ
789 1671 993 1738 πλέον
1018 1672 1219 1758 μέρος
1246 1672 1322 1737 έν
1348 1677 1742 1756 στοναχαῖσί
1759 1699 1832 1738 τε
1859 1673 1972 1740 καὶ
1998 1669 2216 1760 γόοισι

499 1771 791 1860 δάκρυσί
812 1767 870 1839 τ’
907 1774 1271 1858 ἐννυχίοις·
2173 1791 2275 1844 205

499 1870 782 1962 ἄγαμος,
814 1871 1018 1961 ἔπιδ’,
1051 1870 1323 1954 ἄτεκνος
1352 1870 1467 1943 ἅτε
1487 1880 1718 1961 βίοτον
1746 1870 1788 1942 ἁ

503 1977 732 2062 μέλεος
761 1982 854 2056 είς
880 1974 1001 2044 τὸν
1026 1975 1173 2045 αἰὲν
1207 1979 1379 2044 ἕλκω
1409 1976 1673 2066 χρόνον.

495 2074 618 2164 ὅρα
645 2084 987 2168 παροῦσα,
1017 2075 1309 2167 παρθέν’
1339 2075 1691 2166 Ἠλέκτρα,
1721 2081 1943 2167 πέλας,

499 2178 587 2267 μὴ
617 2179 979 2248 κατθανών
1008 2200 1083 2248 σε
1111 2179 1440 2266 σύγγονος
1467 2177 1701 2266 λέληθ’
1737 2176 1884 2250 οδε·

503 2278 581 2350 οὐ
609 2280 737 2370 γάρ
767 2277 838 2368 μ’
876 2278 1142 2370 ἀρέσκει
1169 2287 1261 2372 τῶ
1290 2287 1445 2350 λίαν
1472 2284 1870 2374 παρειμένω.
2174 2299 2274 2352 210

499 2410 547 2450 ω
581 2388 785 2470 φίλον
813 2378 1040 2453 ῦπνου
1068 2384 1480 2474 θέλγητρον,
1510 2385 1876 2474 ἐπίκουρον
1901 2383 2131 2472 νόσου,

499 2512 586 2564 ως
616 2479 749 2571 ἡδύ
776 2511 890 2571 μοι
919 2489 1303 2575 προσῆλθες
1330 2488 1404 2554 ἐν
1434 2485 1665 2554 δέοντί
1682 2511 1776 2569 γε.

499 2614 548 2654 ω
578 2584 818 2655 πότνια
848 2586 1026 2676 λήθη
1053 2592 1190 2656 τῶν
1216 2595 1475 2675 κακῶν,
1519 2582 1608 2668 ῶς
1638 2587 1702 2657 εἷ
1724 2587 1902 2676 σοφὴ

495 2690 607 2758 καὶ
634 2704 804 2759 τοῖσι
832 2695 1284 2777 δυστυχοῦσιν
1318 2685 1594 2760 εὐκταία
1617 2688 1797 2770 θεός.

499 2791 713 2862 πόθεν
744 2789 893 2862 ποτ’
926 2783 1147 2881 ἦλθον
1178 2798 1418 2883 δεῦρο;
1448 2799 1588 2872 πῶς
1616 2789 1683 2860 δ’
1716 2789 2091 2880 ἀφικόμην;
2171 2807 2273 2862 215

499 2890 860 2981 ἀμνημονῶ
887 2894 1012 2983 γάρ
1030 2945 1049 2980 ,
1081 2901 1218 2963 τῶν
1250 2896 1414 2985 πρὶν
1443 2890 1884 2983 ἀπολειφθεὶς
1913 2899 2207 2984 φρενῶν.

499 2985 552 3062 οἷ
582 2992 889 3081 φίλταθ’,
924 2990 1013 3074 ῶς
1039 2993 1111 3082 μ’
1140 2991 1494 3086 ηῦφρανας
1524 3002 1618 3076 είς
1645 2993 1868 3066 ῦπνον
1897 2996 2142 3066 πεσῶν.

499 3094 728 3182 ΙΒούλει
753 3104 932 3184 θίγω
963 3118 1087 3166 σου
1115 3094 1596 3183 κάνακουφίσω
1626 3100 1864 3186 δέμας;

495 3205 707 3287 λαβοῦ
737 3205 952 3286 λαβοῦ
984 3195 1155 3286 δῆτ’,
1187 3201 1259 3266 ἐκ
1295 3195 1362 3266 δ’
1399 3194 1687 3288 ὄμορξον
1712 3197 1963 3271 ἀθλίου

495 3301 814 3390 στόματος
841 3299 1124 3393 ἀφρῶδη
1154 3303 1449 3371 πέλανον
1476 3297 1790 3387 ὀμμάτων
1821 3300 1881 3371 τ’
1915 3305 2114 3388 ἐμῶν.
2171 3317 2274 3370 220

503 3402 756 3475 ἐδούτὸ
787 3400 1110 3492 δούλευμ’
1141 3399 1309 3492 ἡδύ,
1339 3399 1508 3472 κοῦκ
1538 3399 1898 3491 ἀναίνομαι

503 3502 739 3594 ἀδέλφ’
775 3503 1036 3596 ἀδελφῇ
1063 3507 1234 3595 χειρὶ
1263 3503 1674 3595 θεραπεύειν
1700 3506 1884 3592 μέλη.
