2534 3917
311 141 430 204 162
1212 137 1379 197 ΙΩΝ

537 303 738 384 φίλον
760 295 883 383 μὲν
908 288 1035 364 οὐν
1061 293 1127 362 σ’
1162 292 1454 382 εὕρημα,
1478 301 1683 382 μῆτερ
1699 345 1719 380 ,
1747 293 2066 385 ηὕρομεν,

539 385 648 487 καὶ
672 381 968 488 τὸλιεύος
991 377 1196 487 οὐδὲν
1219 379 1518 484 μεμπτόν
1550 379 1707 483 ἐσθ’
1736 380 1898 464 ἡμῖν
1928 382 2113 484 τόδε·

427 481 434 493 “
536 493 616 534 τα
640 471 682 532 δ
736 473 904 533 αλλα
929 488 1096 549 προς
1119 482 1192 529 σε
1217 470 1547 550 βουλομαι
1571 488 1789 549 μονήν
1814 483 2091 550 φρασαι.
2179 484 2327 538 1520

540 547 730 636 δεῦρ’
759 545 907 617 ἔλθ’
929 575 945 590 ·
973 551 1039 626 ἐς
1061 539 1182 625 οὖς
1215 566 1323 613 σοι
1356 546 1513 625 τοὺς
1536 545 1782 631 λόγους
1805 553 2015 615 εἰπεῖν
2037 554 2219 620 θέλω

449 699 459 707 x
544 637 653 700 καὶ
677 631 1127 719 περικαλύψαι
1151 643 1324 697 τοῖσι
1347 629 1686 716 πράγμασι
1710 631 1977 699 σκότον.

537 716 773 828 ἷξρασύ
788 768 807 803 ,
831 722 1072 803 μῆτερ,
1091 712 1188 818 μὴ
1213 712 1519 821 (ζφαλεῖσ’
1549 709 1593 780 ὁὶ
1614 718 1984 819 παρθένοις

541 802 2050 968 {ZZZ⁸53⁶&ss22222532„32²52⁷3‘323{a22“⁹⁰'²9’
2175 902 2316 955 1525

538 971 648 1037 καὶ
668 951 924 1054 τούμῖὶν
948 949 1221 1052 αἶσχρὸν
1245 963 1627 1052 ἀποφυγεῖν
1650 933 2048 1052 πειρῶμένη,

536 1060 764 1158 Φρίβω
787 1064 1003 1119 τεκεῖν
1027 1075 1108 1136 με
1131 1048 1265 1136 φής
1281 1102 1299 1136 ,
1324 1047 1592 1117 τεκοῦσ’
1620 1045 1748 1117 οὐκ
1772 1053 1846 1117 ἐκ
1866 1057 2058 1117 θεοῦ.

185 1137 200 1150 ’
313 1147 440 1210 ΚΡ.
541 1164 632 1223 μα
653 1139 777 1222 τὴν
799 1140 1347 1223 παρασπίζουσαν
1369 1131 1658 1221 ἅρμασίν
1681 1157 1841 1201 ποτε

538 1226 763 1306 Νίκην
793 1217 1090 1288 Ἀθάναν
1117 1219 1284 1304 Ζηνὶ
1307 1232 1610 1303 γηγενεῖς
1632 1222 1763 1304 ἔπι,

536 1302 664 1372 οὐκ
689 1309 872 1371 ἔστιν
893 1303 1075 1381 οὔτις
1105 1321 1212 1369 σοι
1236 1303 1453 1386 πατὴρ
1478 1307 1790 1388 θνητῶν,
1816 1304 2076 1390 τέκνον,
2176 1319 2317 1374 1530

536 1385 685 1455 ἀλλ’
711 1386 918 1470 ὅσπερ
943 1389 1260 1472 ἐξέθρεψε
1281 1391 1523 1466 Λοξίας
1555 1384 1759 1464 ἅναξ.

311 1479 505 1542 [RN.
540 1478 680 1550 πῶς
703 1462 831 1536 οὐν
853 1467 974 1539 τὸν
995 1467 1210 1536 αὑτοῦ
1233 1466 1421 1536 παῖδ’
1451 1471 1655 1537 ἔδωκ’
1683 1468 1862 1559 ἄλλῳ
1884 1471 2084 1556 πατρὶ

539 1555 821 1632 Ξούθου
844 1579 913 1620 τε
937 1550 1098 1639 φησὶ
1125 1554 1330 1620 παῖδά
1359 1550 1431 1639 μ’
1457 1555 1944 1639 ἐκπεφυκέναι;

311 1647 443 1710 ΚΡ.
543 1640 916 1724 πεφυκέναι
944 1636 1067 1723 μὲν
1093 1634 1279 1723 οὐχί,
1301 1641 1610 1723 δωρεῖται
1634 1640 1715 1705 δέ
1733 1657 1807 1704 σε

539 1719 753 1790 αὑτοῦ
775 1727 1060 1807 γεγῶτα·
1087 1718 1349 1808 καὶγὰρ
1373 1717 1460 1789 ἂν
1482 1728 1675 1807 φίλος
1698 1727 1873 1810 φίλῳ
2186 1738 2313 1792 1535

538 1812 686 1891 δοίη
709 1804 830 1873 τὸν
853 1803 1066 1873 αὐτοῦ
1089 1810 1294 1872 παῖδα
1317 1806 1649 1891 δεσπότην
1674 1805 1922 1890 δόμων.

309 1898 501 1961 ῙΩΝ.
531 1889 566 1958 ὁ
589 1891 754 1969 θεὸς
803 1887 1052 1976 ἀληθὲς
1102 1884 1143 1974 ἢ
1167 1890 1383 1974 μάτην
1409 1889 1826 1976 μαντεύεται,

538 1977 706 2084 ἐμοῦ
729 1975 1072 2059 ταράσσει,
1099 1979 1339 2058 μῆτερ,
1367 1973 1638 2053 εἰκότως
1661 1976 1899 2059 φρένα.

309 2067 441 2128 ΚΡ.
545 2083 756 2125 ακουε
779 2057 864 2142 δή
889 2083 1021 2125 νυν
1044 2054 1162 2141 ἅμ’
1189 2057 1513 2142 ἐσῆλθεν,
1539 2049 1595 2123 ῶ
1617 2059 1856 2124 τέκνον
1873 2084 1888 2099 ·

541 2138 913 2227 εὐεργετῶν
938 2159 1013 2207 σε
1035 2145 1276 2220 Λοξίας
1311 2141 1383 2220 ἐς
1417 2138 1661 2226 εὐγενῆ
2173 2154 2311 2210 1540

536 2225 751 2310 δόμον
780 2229 1065 2304 καθίζει·
1094 2229 1218 2291 τοῦ
1245 2229 1421 2290 θεοῦ
1446 2224 1519 2293 δὲ
1541 2223 1924 2310 λεγόμενος,

538 2305 664 2375 οὐκ
691 2311 873 2391 ἔσχες
899 2303 984 2373 ἅν
1007 2305 1158 2374 ποτ’
1185 2304 1345 2374 οὔτε
1367 2309 1795 2415 παγκλήρους
1819 2307 2073 2411 δόμους

537 2386 682 2460 οὔτ’
711 2389 923 2476 ὄνομα
943 2391 1210 2478 πατρός.
1244 2397 1386 2470 πῶς
1409 2392 1570 2478 γάρ,
1595 2417 1678 2459 ου
1703 2388 1770 2476 γ’
1805 2393 1934 2476 ἐγω
1960 2391 2218 2477 γάμους

534 2480 871 2560 ἔκρυπτον
895 2471 1067 2560 αὐτὴ
1091 2481 1208 2543 καί
1225 2473 1291 2541 σ’
1327 2474 1725 2543 ἀπέκτεινον
1749 2475 2008 2562 λάθρᾳς

538 2557 574 2626 ὃ
601 2556 667 2626 δ’
697 2556 982 2645 ῶφελῶν
1008 2578 1082 2626 σε
1107 2557 1507 2665 προστίθησ’
1536 2558 1714 2650 ἄλλῳ
1740 2564 1957 2647 πατρί.
2179 2575 2315 2628 1545

301 2649 500 2722 ΙΩΝ.
527 2641 651 2729 οὐχ
675 2635 808 2711 ῶδε
832 2644 1108 2730 φαύλως
1131 2640 1281 2712 αὔτ’
1316 2646 1445 2730 ἐγω
1469 2647 1883 2730 μετέρχομαι,

537 2725 687 2795 ἀλλ’
725 2729 1054 2814 ἱστορήσω
1081 2736 1337 2815 Φοῖβον
1365 2727 1691 2796 εἰσελθὼν
1716 2727 1989 2814 δόμους,

531 2809 652 2878 εἴτ’
681 2813 810 2897 εἰμὶ
832 2817 1096 2896 θνητοῦ
1126 2813 1373 2897 πατρὸς
1398 2818 1528 2879 εἴτε
1548 2816 1817 2891 Λοξίου.

534 2899 609 2960 ἔα
627 2922 641 2935 ·
673 2900 769 2972 τίς
792 2903 1002 2962 οἴκων
1023 2895 1391 2962 θυοδόκων
1413 2892 1783 2982 ὑπερτελὴς

535 2974 853 3062 ἀντήλιον
872 2977 1238 3065 πρόσωπον
1261 2979 1563 3065 ἐκφαίνει
1586 2985 1806 3059 θεῶν;
2180 2994 2317 3048 1550

594 3061 929 3147 εύγωμεν,
957 3053 1012 3128 ῶ
1035 3068 1354 3146 τεκοῦσα,
1380 3062 1468 3172 μή
1493 3062 1573 3130 τὰ
1595 3064 1939 3172 δαιμόνων

535 3153 833 3232 ορῶμεν,
861 3145 1028 3232 εἰμὴ
1052 3146 1284 3231 καιρός
1315 3148 1441 3212 ἐσθ
1492 3143 1664 3231 ἡμᾶς
1688 3154 1875 3233 ορᾶν.

307 3237 444 3302 ΑΘ.
538 3229 627 3315 μὴ
649 3226 926 3335 φεύγετ’
949 3257 963 3270 ·
991 3225 1075 3297 οὐ
1101 3228 1228 3316 γὰρ
1253 3236 1577 3316 πολεμίαν
1599 3256 1681 3316 με
1711 3235 2055 3308 λεύσσετε,

536 3311 659 3380 ἀλλ
717 3317 791 3378 ἔν
813 3309 875 3380 τ’
909 3309 1225 3398 Ἀθήναις
1255 3311 1551 3382 κάνθάδ’
1580 3307 1795 3382 οὖσαν
1820 3312 2088 3400 εὐμενῆ.

537 3395 889 3480 ἐπώνυμος
912 3397 996 3463 δὲ·
1011 3403 1130 3481 σῆς
1153 3395 1497 3506 ἀφικόμην
1516 3397 1787 3484 χθονός,
2181 3411 2313 3465 1555

532 3481 834 3565 Παλλάς,
858 3479 1086 3566 δρόμω
1114 3480 1415 3548 σπεύσασ
1473 3475 1895 3560 ’Λπόλλωνος
1919 3480 2123 3562 πάρα.
