2534 3917
370 178 490 242 172
1163 183 1219 238 K
1225 180 1458 239 ΤΚΛΩ,
1472 183 1541 238 Ψ
2523 91 2529 376 1

367 358 548 420 ΣΕΙ.
595 351 912 438 νομάδες·
948 347 1182 420 ἀκούει
1215 348 1281 419 δ’
1315 346 1521 419 οὐδὲν
1551 347 1777 431 οὐδεὶς
1805 347 2109 432 οὐδενός.
2294 374 2399 426 120

371 461 513 521 ΟΛ.
594 460 946 542 σπείρουσι
977 449 1071 540 δ’,
1107 447 1153 540 ἢ
1177 458 1273 543 τῷ
1303 458 1494 539 ζῶσι,
1525 452 1879 542 Δήμητρος
1910 454 2203 542 στάχυν;

366 562 546 624 ΣΕΙ.
594 555 874 641 γάλακτι
901 556 1014 623 καὶ
1043 569 1306 644 τυροῖσι
1334 555 1449 622 καὶ
1477 555 1712 642 μήλων
1738 563 1929 645 βορᾷ.

369 665 512 725 ΟΔ.
593 662 896 746 Βρομίου
927 656 1004 725 δὲ
1033 653 1213 744 πῶμ’
1248 661 1551 744 ἔχουσιν,
1583 653 1885 746 ἀμπέλου
1914 657 2109 746 ῥοάςς

365 766 543 826 ΣΕΙ.
590 755 863 847 ἥκιστα·
898 756 1132 848 τοιγὰρ
1163 756 1408 850 ἄχορον
1437 763 1702 828 οἰκοῦσι
1732 758 1970 846 χθόνα.
2530 717 2533 814 Ῐ

369 869 512 928 ΟΔ.
595 860 937 948 φιλόξενοι
968 859 1044 930 δὲ
1071 855 1304 948 χῶσιοι
1334 861 1489 948 περὶ
1516 862 1786 944 ξένους;
2290 880 2390 932 125

366 970 545 1030 ΣΕΙ.
591 962 976 1051 γλυκύτατά
1006 984 1172 1050 φασι
1199 959 1281 1032 τὰ
1312 963 1476 1051 κρέα
1505 959 1666 1042 τοῦς
1694 965 1928 1044 ξένους
1958 977 2223 1052 φορεῖν.

370 1072 510 1132 ΟΔ.
593 1072 663 1134 τί
688 1063 852 1152 φής;
883 1071 1056 1155 βορᾷ
1084 1071 1439 1155 χαίρουσιν
1469 1060 2055 1158 ἆνθρωποκτόνω;

365 1174 544 1234 ΣΕΙ.
591 1163 816 1246 οὐδεὶς
845 1162 1070 1254 μολών
1099 1162 1292 1253 δεῦρ’
1328 1161 1507 1245 ὅστις
1536 1163 1620 1235 οὐ
1650 1166 2057 1254 κατεσφάγη.

599 1282 627 1315 ἢ*
739 1283 765 1318 ᾖ
877 1283 906 1316 *
1019 1282 1046 1314 ἑ
1157 1283 1184 1318 1*
1296 1283 1325 1320 *

2532 1023 2534 1108 1

321 1411 328 1418 -
370 1378 511 1437 ΟΛ.
595 1366 798 1450 αὐτὸς
827 1371 904 1437 δὲ
932 1370 1232 1451 Κύκλωψ
1263 1377 1397 1438 ποῦ
1420 1367 1628 1453 ’στινς
1658 1366 1703 1457 ἢ
1734 1370 1962 1458 δόμων
1994 1378 2161 1454 ἕσω;

367 1478 542 1540 ΣΕΙ.
587 1477 886 1558 φροῦδος
913 1468 1081 1558 πρὸς
1107 1479 1392 1557 Αἴτνην,
1420 1477 1515 1554 θῆ
1522 1495 1641 1555 ρας
1673 1475 1962 1556 ἰχνεύων
1990 1475 2217 1540 κυσίν.
2284 1491 2389 1544 130

369 1580 512 1640 ΟΔ.
595 1567 778 1640 οἷσθ’
813 1559 942 1640 οὖν
971 1567 1010 1639 ὃ
1038 1577 1312 1660 δρᾶσον,
1344 1568 1435 1653 ὦς
1464 1570 1855 1664 ἀπαίρωμεν
1882 1572 2162 1660 χθονός;

364 1682 543 1742 ΣΕΙ.
593 1669 719 1742 οὐκ
746 1669 904 1760 οἷδ’,
930 1669 1290 1742 Ὀδυσσεῦ·
1323 1681 1458 1744 πᾶν
1488 1677 1571 1743 δέ
1591 1695 1697 1744 σοι
1729 1675 2039 1768 δρῴημεν
2068 1672 2171 1744 ἅν.

370 1784 513 1844 ΟΛ.
597 1772 845 1862 ὅδησον
871 1771 1034 1863 ἡμῖν
1063 1789 1280 1862 σῖτον,
1312 1767 1399 1846 οὗ
1430 1784 1854 1866 σπανίζομεν.

366 1886 545 1948 ΣΕΙ.
590 1875 716 1948 οὐκ
748 1885 960 1964 ἔστιν,
997 1873 1221 1967 ὥσπερ
1251 1876 1477 1966 εἷπον,
1508 1875 1669 1948 ἄλλο
1698 1878 1875 1968 πλὴν
1904 1881 2119 1968 κρέας.

372 1989 514 2050 ΟΛ.
596 1977 744 2050 ἀλλ’
777 1976 910 2067 ἡδὺ
938 1986 1138 2068 λιμοῦ
1173 1982 1287 2048 καὶ
1316 1980 1472 2050 τόδε
1498 1980 1865 2069 σχετήριον.
2281 1997 2381 2050 135

366 2091 544 2151 ΣΕΙ.
593 2084 707 2152 καὶ
738 2080 940 2171 τυρὸς
967 2079 1164 2161 ὀπίας
1197 2087 1337 2150 ἔστι
1365 2085 1480 2152 καὶ
1504 2081 1662 2178 βοὸς
1697 2083 1885 2170 γάλα.

371 2194 514 2252 ΟΔ.
597 2185 944 2270 ἐκφέρετε·
982 2189 1127 2270 φῶς
1160 2181 1289 2273 γὰρ
1326 2183 1781 2273 ἐμπολήμασιν
1813 2183 2067 2271 πρέπει.

365 2294 545 2353 ΣΕΙ.
589 2284 674 2354 σύ
707 2281 771 2352 δ’
813 2281 1236 2370 ἀντιδόσεις,
1278 2289 1426 2354 εἰπέ
1448 2315 1594 2373 μοι,
1623 2284 1875 2376 χρυσὸν
1904 2281 2150 2365 πόσον;

373 2395 514 2454 ΟΛ.
597 2383 680 2454 ού
708 2385 999 2472 χρυσόν,
1036 2381 1204 2454 ἀλλὰ
1233 2394 1431 2474 πῶμα
1462 2387 1815 2458 Διονύσου
1848 2387 2054 2477 φέρω.

369 2495 546 2556 ΣΕΙ.
593 2478 648 2555 03
677 2483 945 2576 φίλτατ’
983 2486 1224 2574 εἰπών,
1257 2479 1345 2557 οὗ
1371 2498 1779 2578 σπανίζομεν
1806 2488 2029 2560 πάλαι.
2280 2505 2381 2558 140

370 2599 512 2660 ΟΔ.
596 2592 710 2659 καὶ
738 2587 872 2678 μὴν
899 2589 1166 2679 Μάρων
1190 2617 1302 2677 μοι
1336 2588 1515 2678 πῶμ’
1550 2599 1793 2677 ἔδωκε,
1832 2606 1986 2672 παῖς
2012 2597 2205 2659 θεοῦ.

367 2701 543 2762 ΣΕΙ.
589 2689 670 2763 ὃν
704 2695 1032 2782 ἐξέθρεψα
1059 2690 1281 2762 ταῖσδ’
1315 2693 1447 2781 ἐγώ
1476 2691 1626 2762 ποτ’
1671 2690 2025 2782 ἆγκάλαιςς

371 2804 514 2863 ΟΛ.
597 2793 634 2866 ὁ
661 2802 960 2881 Βακχίου
988 2809 1175 2880 παῖς,
1209 2791 1300 2875 ὥς
1326 2797 1741 2886 σαφέστερον
1766 2794 2010 2885 μάθῃς.

367 2903 546 2965 ΣΕΙ.
592 2901 666 2966 ἐν
695 2895 1174 2981 σέλμασινεῶς
1201 2900 1415 2983 ἐστιν,
1448 2892 1495 2985 ἦ
1527 2900 1757 2989 φέρεις
1783 2895 1871 2966 σύ
1898 2924 2048 2976 νιν;

372 3005 514 3066 ΟΛ.
599 2994 711 3067 ὅδ’
746 2994 980 3084 ἀσκός,
1016 2992 1094 3077 ὃς
1123 2997 1364 3068 κεύθει
1391 3023 1535 3069 νιν·
1570 3006 1871 3092 εἰσορᾷς,
1901 3000 2139 3087 γέρον;
2276 3015 2376 3068 145

367 3107 546 3170 ΣΕΙ.
591 3089 784 3180 οὗτος
812 3098 936 3187 μὲν
962 3096 1115 3168 οὐδ’
1151 3094 1236 3168 ἂν
1265 3101 1389 3189 τὴν
1413 3101 1679 3190 γνάθον
1715 3101 1992 3188 πλήσειέ
2016 3127 2169 3186 μου.

373 3211 516 3271 ΟΔ.
596 3203 712 3270 ναὶ
741 3202 845 3282 δὶς
872 3200 1072 3270 τόσον
1102 3200 1281 3290 πῶμ’
1313 3199 1477 3273 ὅσον
1506 3198 1592 3272 ἄν
1620 3205 1685 3284 ἐξ
1720 3199 1933 3273 ἀσκοῦ
1964 3204 2114 3290 ῥυῇ.

367 3311 545 3374 ΣΕΙ.
591 3303 804 3392 καλήν
838 3331 915 3393 γε
941 3302 1198 3393 κρήνην
1227 3305 1414 3386 εἶπας
1438 3302 1675 3394 ἡδεῖαν
1701 3301 1761 3374 τ’
1802 3308 1967 3391 ἐμοί.

372 3416 514 3475 ΟΔ.
594 3405 826 3492 βούλει
855 3428 932 3475 σε
958 3405 1182 3493 γεύσω
1211 3413 1479 3495 πρῶτον
1506 3403 1798 3494 ἄκρατον
1831 3406 2047 3492 udam

367 3515 546 3575 ΣΕΙ.
593 3512 860 3575 δίκαιον
878 3529 892 3544 ·
921 3497 968 3594 ἦ
994 3505 1121 3595 γὰρ
1147 3513 1367 3594 γεῦμα
1394 3504 1518 3593 τὴν
1547 3503 1734 3594 ὠνὴν
1758 3515 1967 3574 καλεῖ.
2282 3525 2380 3574 150
