2534 3917
275 185 400 253 182

280 571 423 632 OA.

277 775 418 837 XO.

282 979 425 1041 ΟΛ.

275 1183 418 1246 ΧΟ.

280 1388 423 1448 ΟΔ.

275 1489 420 1552 ΧΟ.

281 1591 424 1651 ΟΛ.

277 2920 421 2981 ΧΟ.

282 3124 425 3184 ΟΔ.

279 3427 421 3488 ΧΟ.

1093 188 1387 247 ΚΥΚΛΩ
1402 190 1471 247 Ψ

510 353 599 439 ὡς
626 355 739 427 διὰ
766 364 1030 447 μακροῦ
1059 384 1136 443 γε
1163 355 1284 426 τὸν
1310 363 1580 443 σίφωνα
1606 354 1727 426 τὸν
1756 364 1963 445 φίλον

507 459 918 549 χηρεύομεν,
953 457 1073 527 τὸν
1105 455 1172 528 δ’
1205 454 1333 527 οὐκ
1370 465 1605 546 ἔχομεν
1632 476 2069 548 καταφαγεῖν.

507 559 715 631 ἄκουε
744 561 829 650 δή
855 589 989 630 νυν
1015 556 1103 648 ἢν
1131 568 1258 649 ἔχω
1287 568 1616 650 τιμωρίαν

505 663 720 754 θηρὸς
748 662 1142 750 πανούργου
1169 671 1290 750 σῆς
1315 689 1387 732 τε
1415 669 1727 744 δουλείας
1754 663 2005 752 φυγήν.

503 763 673 855 λέγ’,
703 763 792 846 ὥς
813 763 1114 845 Ἀσιάδος
1140 761 1268 835 οὐκ
1297 761 1382 834 ἂν
1408 761 1604 854 ἥδιον
1630 765 1860 854 ψόφον

509 869 802 959 κιθάρας
831 868 1158 956 κλύοιμεν
1185 862 1231 957 ἦ
1255 865 1584 938 Κύκλωπ’
1616 863 1936 938 ὀλωλότα.

509 971 620 1041 ἐπὶ
651 979 881 1059 κῶμον
907 974 1139 1062 ἕρπειν
1169 967 1337 1060 πρὸς
1364 970 1806 1068 κασιγνήτους
1832 972 2023 1040 θέλει

507 1073 888 1155 Κύκλωπας
914 1070 1151 1162 ἡσθεὶς
1178 1079 1352 1167 τῷδε
1380 1080 1676 1161 Βακχίου
1706 1079 1908 1166 ποτῷ.

503 1173 767 1264 ξυνῆκ’,
800 1183 1048 1267 ἔρημον
1073 1174 1427 1265 ξυλλαβών
1453 1181 1776 1267 δρυμοῖσί
1798 1203 1911 1244 νιν

507 1279 753 1368 σφάξαι
779 1286 1096 1371 μενοινᾷς
1123 1276 1167 1369 ἢ
1195 1287 1460 1370 πετρῶν
1490 1270 1657 1349 ὦσαι
1683 1277 1869 1347 κάτα.

505 1376 710 1450 οὐδὲν
741 1390 1051 1452 τοιοῦτον
1071 1435 1090 1469 ,
1122 1383 1345 1464 δόλιος
1374 1379 1419 1470 ἡ
1439 1378 1780 1468 ’πιθυμίά

2190 479 2293 534 440

2192 987 2297 1040 445

505 1490 645 1564 πῶς
673 1489 796 1553 δαί
803 1515 822 1567 ;
854 1484 1071 1573 σοφόν
1098 1493 1210 1554 τοί
1231 1482 1296 1554 σ’
1329 1481 1478 1554 ὅντ’
1516 1481 1856 1571 άκούομεν
1882 1480 2106 1551 πάλαι.
2192 1498 2298 1553 450

505 1584 737 1672 κώμου
765 1585 891 1674 μὲν
917 1582 1130 1656 αὐτὸν
1158 1584 1351 1656 τοῦδ’
1385 1584 1773 1672 ἀπαλλάξω,
1817 1586 2033 1673 λε’γων

507 1683 597 1767 ὥς
630 1683 715 1756 ού
741 1687 1073 1770 Κύκλωψι
1101 1697 1301 1777 πῶμα
1326 1687 1452 1780 χρὴ
1483 1695 1727 1758 δοῦναι
1754 1687 1928 1773 τόδε,

506 1789 720 1877 μόνον
748 1788 811 1860 δ’
851 1798 1085 1878 ἔχοντα
1114 1800 1348 1880 βίοτον
1375 1789 1589 1882 ἡδέως
1616 1787 1828 1878 άγειν.

507 1887 670 1962 ὅταν
700 1889 765 1961 δ’
801 1890 1124 1984 ὑπνωσσῃ
1151 1902 1449 1982 Βακχίου
1476 1891 1864 1980 νικώμενος,

508 1991 822 2086 άκρεμων
851 1999 1075 2077 ἐλαίας
1112 2002 1294 2067 ἔστιν
1323 2001 1398 2067 ἐν
1435 1997 1704 2085 δόμοισί
1737 2023 1857 2081 τις,

507 2123 590 2165 ον
619 2098 943 2190 φασγάνω
971 2094 1134 2190 τῷδ’
1170 2093 1647 2181 ἐξαποξύνας”
1604 2124 1836 2188 ακρον,

513 2207 606 2278 εἰς
635 2207 772 2290 πῦρ
801 2201 1117 2323 καθήσω·
1147 2192 1313 2292 κᾷθ’
1347 2197 1511 2271 ὅταν
1539 2202 1955 2287 κεκαυμένον

506 2305 630 2370 ἴδω
659 2329 803 2389 νιν,
836 2330 1001 2391 αρας
1027 2300 1291 2390 θερμὸν
1319 2310 1412 2383 εἰς
1440 2307 1651 2392 μέσην
1679 2299 1908 2390 βαλων

504 2402 882 2484 Κύκλωπος
916 2399 1078 2486 ὄψιν
1110 2400 1351 2493 ὄμματ’
1388 2403 1636 2492 ἐκτήξω
1665 2411 1851 2494 πυρί.

506 2511 895 2592 ναυπηγίαν
925 2501 989 2575 δ’
1025 2499 1192 2576 ὡσεί
1223 2535 1323 2589 τις
1349 2503 1654 2597 ἁρμόζων
1683 2501 1855 2596 άνὴρ

510 2611 780 2677 διπλοῖν
812 2618 1114 2698 χαλινοῖν
1141 2610 1487 2701 τρύπανον
1515 2615 1913 2696 κωπηλατετ,

509 2707 686 2780 οὕτω
716 2714 1042 2782 κυκλοόσω
1069 2712 1280 2783 δαλὸν
1307 2717 1382 2782 ἐν
1411 2710 1779 2802 φαεσφόρῳ

504 2812 881 2895 Κύκλωπος
910 2813 1063 2898 ὄψει
1109 2817 1224 2886 καὶ
1255 2821 1620 2884 συναυανῶ
1648 2811 1871 2902 κόρας.

506 2909 615 2980 ἰοῦ
647 2919 778 3002 ἰού,

510 3017 803 3103 γέγηθα,
831 3017 1256 3106 μαινόμεσθα
1285 3034 1422 3097 τοῖς
1450 3013 1841 3109 εὑρήμασιν.

506 3112 786 3187 κᾶπειτα
813 3121 925 3188 καὶ
953 3119 1028 3189 σὲ
1054 3121 1169 3189 καὶ
1197 3126 1439 3207 φίλους
1464 3119 1747 3210 γέροντά
1786 3146 1857 3189 τε

509 3216 678 3298 νεὼς
703 3227 1021 3310 μελαίνης
1053 3229 1282 3290 κοῖλον
1310 3221 1598 3309 ἐμβήσας
1624 3220 1883 3310 σκάφος

510 3323 809 3392 διπλατσι
837 3322 1093 3403 κιόπαις
1120 3319 1312 3412 τῆσδ’
1344 3320 1687 3392 ἀποστελῶ
1716 3320 1987 3411 χθονός.

505 3417 640 3489 ἔστ’
677 3414 806 3493 οὖν
837 3420 1019 3507 ὅπως
1049 3421 1135 3495 ἂν
1165 3423 1447 3516 ὡσπερεὶ
1470 3428 1767 3509 σπονδῆς
1790 3428 1964 3490 θεοῦ

2187 2009 2291 2063 455

2186 2519 2291 2573 460
