2534 3917
291 193 417 256 300
1101 192 1486 251 ΟΡΕΣΤΗΣ

525 361 874 449 λάβωμεν,
906 352 952 451 ᾖ
980 367 1090 431 δεῖ
1115 363 1488 446 ξυνθανεῖν
1520 364 1644 450 ε’μῇ
1672 360 1818 449 χερὶ
2178 382 2313 435 1565

521 462 679 544 τοὺς
709 465 1140 543 διολέσαντας
1168 461 1293 549 τὴν
1328 461 1493 552 ἐμὴν
1526 462 1881 549 ξυνάορον.

300 576 428 635 ΟΡ.
521 556 719 646 οὗτος
744 565 862 653 σύ,
914 564 1234 654 κλῄθρων
1259 571 1477 635 τῶνδε
1508 562 1599 653 μὴ
1626 563 1887 653 ψαύσῃς
1914 572 2083 655 χερί,

524 670 885 736 Μενέλαον
914 666 1138 754 εἷπον,
1170 662 1245 746 ὃς
1274 667 1711 756 πεπύργωσαι
1738 664 1981 754 θράσει
1998 688 2014 703 ·

528 764 576 855 ἦ
601 775 774 861 τῷδε
800 775 1068 862 θριγκῷ
1093 775 1304 859 κρᾶτα
1330 768 1745 858 συνθραύσω
1774 770 1999 855 σέθεν,

533 870 728 958 ῥήξας
757 870 1008 940 παλαιὰ
1034 870 1589 961 γεῖσα,τεκτόνων
1620 870 1852 940 πόνον.
2172 888 2313 944 1570

526 980 794 1060 μοχλοῖς
825 969 890 1041 δ’
927 971 1136 1063 ἄραρε
1187 980 1485 1063 κλῇθρα,
1512 978 1634 1059 σῆς
1660 971 2045 1062 βοηδρόμου

529 1078 827 1162 σπουδῆς
854 1070 899 1144 ἅ
928 1071 999 1143 σ’
1027 1078 1262 1164 εἴρξει,
1285 1073 1374 1164 μὴ
1404 1074 1633 1162 δόμων
1655 1084 1812 1143 εἴσω
1839 1080 2074 1163 περᾶν.

299 1185 456 1244 ME.
531 1184 640 1262 ἔα,
676 1183 747 1245 τί
768 1183 1023 1267 χρῆμα;
1055 1176 1425 1265 λαμπάδων
1452 1172 1589 1266 ὁρῶ
1619 1178 1833 1262 σέλας,

529 1278 760 1366 δόμων
795 1276 860 1348 δ’
897 1276 1012 1349 ἐπ’
1051 1275 1281 1369 ἄκρων
1306 1277 1550 1348 τούσδε
1576 1279 2206 1367 πυργηρουμένους,

531 1384 723 1466 ξίφος
752 1378 819 1449 δ’
858 1385 1016 1469 ἐμῆς
1042 1378 1386 1468 θυγατρὸς
1412 1385 1832 1469 ἐπίφρουρον
1858 1381 2044 1467 δέρῃ.
2179 1396 2301 1450 1575

307 1489 434 1547 ΟΡ.
529 1480 818 1569 πότερον
847 1484 1106 1569 ἐρωτᾶν
1133 1476 1178 1567 ἢ
1205 1481 1443 1550 κλύειν
1475 1484 1640 1569 ἐμοῦ
1666 1482 1927 1563 θέλεις;

302 1590 460 1649 ME.
531 1578 833 1670 οὐδέτερ’
856 1603 872 1618 ·
903 1578 1162 1669 ἀνάγκη
1193 1579 1285 1669 δ’,
1316 1578 1407 1663 ὥς
1438 1590 1646 1669 ἔοικε,
1682 1589 1811 1651 σοῦ
1834 1580 2094 1651 κλύειν.

308 1691 436 1750 ΟΡ.
527 1684 744 1769 μέλλω
780 1696 1052 1754 κτανεῖν
1078 1704 1206 1754 σου
1233 1681 1589 1774 θυγατέρ’,
1624 1691 1686 1754 εἰ
1707 1683 1941 1771 βούλει
1966 1695 2239 1772 μαθεῖν.

303 1792 458 1853 ΜΕ.
520 1781 792 1873 Ἑλένην
830 1783 1166 1874 φονεύσας
1193 1790 1303 1857 ἐπὶ
1332 1786 1522 1880 φόνῳ
1553 1786 1871 1876 πράσσεις
1900 1786 2157 1875 φόνον;

308 1895 438 1954 ΟΡ.
529 1894 593 1956 εἰ
620 1886 747 1979 γὰρ
776 1891 1094 1977 κατέσχον
1127 1888 1216 1977 μὴ
1251 1896 1440 1959 θεῶν
1471 1890 1795 1977 κλεφθεὶς
1821 1884 1976 1957 ὕπο.
2181 1906 2317 1961 1580

305 1996 462 2057 ΜΕ.
535 1986 733 2079 άρνεῖ
761 1990 1086 2071 κατακτὰς
1113 1988 1285 2079 κάφ’
1322 1988 1519 2081 ὕβρει
1546 1992 1761 2079 λέγεις
1794 1989 1992 2072 τάδε;
2021 1994 2025 1997 ’

281 2096 284 2100 ’
311 2099 438 2157 ΟΡ.
533 2092 801 2181 λυπράν
828 2120 905 2181 γε
933 2092 1058 2181 τὴν
1086 2090 1404 2183 ἄρνησιν·
1444 2098 1508 2161 εἰ
1536 2091 1665 2181 γὰρ
1697 2089 1965 2179 ὤφελον

303 2202 461 2261 ME.
531 2200 602 2261 τί
621 2201 839 2281 χρῆμα
868 2200 1108 2284 δρᾶσαι
1125 2223 1143 2275 ;
1173 2202 1577 2281 παρακαλεῖς
1604 2192 1732 2284 γὰρ
1762 2200 1855 2274 εἰς
1887 2192 2129 2281 φόβον.

310 2302 438 2361 ΟΡ.
529 2293 653 2382 τὴν
673 2291 980 2375 Ἑλλάδος
1007 2292 1312 2384 μιάστορ’
1347 2302 1441 2375 εἰς
1464 2291 1700 2365 Ἅιδου
1729 2304 1981 2384 βαλεῖν.

307 2404 462 2463 ΜΕ.
534 2392 785 2473 ἀπόδος
815 2396 1145 2486 δάμαρτος
1171 2398 1414 2486 νέκυν,
1448 2393 1628 2478 ὅπως
1654 2397 1846 2485 χώσω
1874 2397 2087 2490 τάφῳ.
2180 2414 2320 2469 1585

312 2505 438 2563 ΟΡ.
525 2495 736 2577 θεοὺς
763 2494 1029 2567 άπαίτει
1047 2521 1062 2537 ·
1093 2504 1302 2569 παῖδα
1328 2500 1405 2570 δὲ
1436 2507 1649 2569 κτενῶ
1676 2502 1903 2569 σέθεν.

305 2607 463 2667 ME.
533 2596 568 2669 ὁ
600 2599 1067 2690 μητροφόντης
1094 2604 1204 2673 ἐπὶ
1239 2602 1431 2696 φόνῳ
1458 2601 1740 2694 πράσσει
1769 2599 2005 2690 φόνον.

311 2711 439 2769 ΟΡ.
531 2732 568 2773 ο
599 2702 848 2795 πατρὸς
875 2700 1228 2797 ἀμύντωρ,
1265 2734 1348 2776 ον
1380 2703 1466 2774 συ
1494 2701 1896 2794 προύδωκας
1921 2714 2187 2793 θανεῖν.

307 2812 464 2873 ΜΕ.
533 2802 660 2875 οὐκ
688 2802 976 2897 ἤρκεσέν
1009 2829 1116 2877 σοι
1142 2806 1218 2875 τὸ
1249 2806 1469 2895 παρὸν
1500 2801 1663 2893 αἷμα
1692 2806 2007 2895 μητέρος;

309 2913 438 2973 ΟΡ.
532 2903 658 2975 οὐκ
691 2934 780 2974 αν
807 2908 1080 2995 κάμοιμι
1110 2906 1224 2989 τὰς
1254 2934 1463 2987 κακας
1498 2914 1784 2975 κτείνων
1816 2902 1941 2974 ἀεί.
2184 2922 2323 2977 1590

307 3015 463 3075 ME.
527 3036 568 3093 η
546 2998 710 3073 ςκαὶ
736 3010 856 3091 σύ,
887 3008 1172 3091 Πυλάδη
1191 3055 1210 3089 ,
1241 3008 1443 3073 τοῦδε
1472 3018 1819 3085 κοινωνεῖς
1848 3009 2097 3093 φόνου;

310 3117 440 3176 ΟΡ.
531 3109 740 3195 φησὶν
766 3113 1041 3177 σιωπων
1063 3130 1078 3143 ·
1111 3104 1373 3195 ἀρκέσω
1403 3104 1471 3175 δ’
1504 3107 1633 3194 ἐγω
1665 3110 1902 3196 λέγων.

308 3218 462 3278 ΜΕ.
535 3204 681 3278 ἀλλ’
721 3205 869 3279 οῧτι
895 3215 1182 3299 χαίρων,
1215 3205 1304 3297 ’ἦν
1330 3237 1408 3296 γε
1433 3208 1523 3297 μὴ
1557 3210 1779 3299 φύγῃς
1807 3225 2092 3299 πτεροῖς.

311 3320 438 3381 ΟΡ.
535 3307 620 3381 οὖ
655 3312 1115 3400 φευξόμεσθα·
1144 3314 1315 3401 πυρὶ
1341 3317 1382 3382 δ
1389 3308 1407 3335 ’
1437 3309 1786 3399 ἀνάψομεν
1812 3311 2077 3401 δόμους.

305 3422 464 3481 ΜΕ.
531 3404 576 3499 ἦ
607 3412 736 3501 γὰρ
766 3420 1077 3505 πατρῷον
1107 3419 1299 3500 δῶμα
1324 3414 1690 3505 πορθήσεις
1723 3414 1914 3497 τόδε;
2184 3428 2319 3483 1595

311 3523 438 3581 ΟΡ.
535 3510 624 3593 ὦς
651 3514 742 3601 μή
768 3512 833 3602 γ’
877 3521 1027 3603 ἔχῃς
1053 3513 1174 3600 σύ,
1206 3511 1395 3601 τήνδ’
1430 3514 1791 3602 ἐπισφάξας
1820 3520 2006 3603 πυρί.
