2534 3917
330 197 456 259 380

330 682 470 744 XO.

1100 197 1528 256 ΤΡΩΙΑΔΕΣ

557 365 832 436 πάσαισι
862 365 1079 454 φήσει.
1118 366 1353 457 ῥᾴδιον
1381 365 1506 454 μὲν
1531 360 1617 435 ού
1654 365 1840 435 τόδε·

560 465 737 557 ὅμως
764 464 830 537 δ’
866 465 901 538 ὁ
933 465 1124 556 τῆσδ’
1157 466 1444 556 ὄλεθρος
1472 473 1565 547 είς
1595 467 1812 556 φόβον
1837 475 2043 556 βαλεῖ

556 569 630 639 τὸ
658 577 887 661 μῶρον
916 567 1143 640 αὐτῶν
1160 624 1177 658 ,
1206 563 1336 640 κᾶν
1365 565 1458 638 ἔτ’
1491 560 1614 638 ὦσ’
1646 575 1996 658 αἰσχίονες.

556 668 731 741 οὕτω
763 670 845 760 δὴ
874 670 993 742 τὸν
1018 676 1093 742 ἐν
1127 669 1296 764 Ἰλίςο
2019 692 2161 763 στρ.
2200 688 2329 744 1060

559 773 727 843 ναὸν
758 776 871 844 καὶ
902 774 1198 846 θυόεντα
1222 783 1365 863 βω-

556 874 685 962 μὸν
714 875 1115 966 προύδωκας
1138 875 1440 964 Ἀχαιοῖς,

564 969 618 1046 εὖ
648 985 817 1066 Ζεῦ,
848 981 961 1048 καὶ
988 980 1300 1048 πελάνων
1327 975 1548 1065 φλόγα

559 1079 856 1168 σμύρνης
883 1087 1189 1170 αἰθερίας
1216 1107 1289 1149 τε
1315 1107 1440 1150 κα·-

561 1180 733 1252 πνόν
760 1185 874 1252 καὶ
899 1185 1261 1274 Πέργαμον
1293 1179 1446 1271 ίράν
2207 1198 2339 1254 1065

554 1281 756 1355 Ἰδαῖά
782 1283 844 1354 τ’
874 1283 1079 1356 Ἰδαῖα
1106 1283 1478 1373 κισσοφόρα
1513 1282 1691 1371 νάπη

560 1387 736 1474 χιόνι
767 1388 1104 1478 κατάρυτα
1132 1393 1420 1476 ποταμίᾳ

560 1490 849 1576 τέρμονά
878 1516 949 1558 τε
977 1488 1406 1577 πρωτόβολον
1437 1490 1604 1576 ἁλίῳ

560 1587 684 1657 τάν
711 1593 1311 1677 καταλαμπομέναν
1329 1591 1580 1672 ζαθέαν
1607 1586 1980 1684 θεράπναν.
2201 1603 2348 1660 1070

562 1696 867 1778 φροῦδαί
888 1712 995 1760 σοι
1021 1697 1260 1760 θυσίαι
1285 1697 1506 1779 χορῶν
1533 1687 1593 1758 τ’
2063 1686 2204 1759 ἀντ.

562 1789 854 1883 εὔφημοι
885 1796 1157 1865 κέλαδοι
1182 1790 1330 1862 κατ’
1363 1789 1482 1881 ὅρ-

563 1923 746 1982 φναν
773 1924 844 1966 τε
878 1901 1284 1984 παννυχίδες
1311 1901 1496 1964 θεῶν

560 2000 862 2084 χρυσέων
889 2025 960 2067 τε
984 1998 1245 2081 ξοάνων
1273 1999 1468 2067 τύποι

562 2106 855 2188 Φρυγῶν
885 2127 955 2169 τε
985 2101 1214 2183 ζάθεοι
1242 2106 1442 2168 σελᾶ·
1485 2153 1490 2158 .
2207 2112 2346 2170 1075

560 2227 672 2268 ναι
699 2201 1091 2271 συνδώδεκα
1117 2201 1385 2289 πλήθει.

560 2304 742 2387 μέλει
768 2307 952 2390 μέλει
979 2329 1093 2390 μοι
1121 2299 1272 2372 τάδ’
1306 2309 1370 2370 εἰ
1392 2318 1698 2392 φρονεῖς,
1727 2298 1913 2388 ἄναξ,

560 2400 880 2489 οὐράνιον
906 2407 1193 2491 ἕδρανον
1220 2402 1547 2492 ἐπιβεβὼς

558 2505 803 2592 αἰθέρα
836 2500 897 2572 τ’
932 2507 1094 2592 ἐμᾶς
1118 2504 1358 2587 πόλεος
1387 2502 1725 2593 ὀλομένας,

560 2599 644 2671 ἂν
672 2603 883 2695 πυρὸς
909 2611 1241 2696 αἰθομένα
1268 2613 1632 2680 κατέλυσεν
1657 2604 1849 2696 ὁρμά.
2205 2622 2346 2676 1080

564 2697 619 2775 ὦ
649 2715 844 2795 φίλος
873 2700 928 2778 ὦ
958 2710 1113 2780 πόσι
1141 2739 1275 2799 μοι,
2039 2729 2182 2795 στρ.

560 2808 645 2878 σὺ
672 2810 795 2897 μὲν
820 2819 1155 2899 φθίμενος
1184 2810 1480 2892 ἀλαίνεις

561 2907 862 2991 ἄθαπτος
891 2913 1217 3002 ἄνυδρος,
1249 2914 1364 3002 ἐμὲ
1392 2912 1468 2983 δὲ
1495 2912 1772 2985 πόντιον
1801 2910 2055 2998 σκάφος
2205 2925 2342 2978 1085

563 3007 796 3078 ἀίσσον
824 3029 1122 3100 πτεροῖσι
1152 3016 1470 3104 πορεύσει

562 3110 925 3198 ἱππόβοτον
947 3109 1224 3202 Ἄργος,
1255 3121 1367 3186 ἵνα
1397 3125 1615 3204 τείχεα

561 3212 759 3282 λάινα
784 3211 1139 3284 Κυκλώπι’
1172 3212 1459 3306 οὐράνια
1488 3222 1820 3307 νέμονται.

557 3319 811 3386 τέκνων
842 3317 917 3386 δὲ
944 3323 1203 3405 πλῆθος
1228 3321 1305 3388 ἐν
1333 3318 1575 3399 πύλαις

876 3439 1261 3494 1060-1070
1281 3457 1367 3484 =
1396 3439 1526 3493 1071
1550 3462 1625 3473 —·
1641 3436 1779 3491 1080

874 3537 1103 3592 1081-
1120 3537 1257 3592 1099
1279 3555 1364 3584 =
1391 3531 1772 3590 1100-1117
