2534 3917
229 0 284 29 ’1-
289 0 386 23 ·····

263 38 286 53 §fl

616 181 1077 240 ΙΦΙΓΕΝΕΙΑ
1120 181 1193 236 H
1218 181 1341 238 ΕΝ
1389 183 1754 242 ΤΑΥΡΟΙΣ
2080 181 2200 244 105

419 353 809 430 κλέπτοντες
836 353 910 419 ἐκ
942 355 1062 437 γῆς
1090 347 1296 432 ξόανα
1323 351 1439 419 καὶ
1465 349 1897 438 θνηπόλους;

417 463 594 535 τίνος
624 460 727 534 τίς
755 447 854 522 ὢν
881 450 968 521 σὺ
997 448 1190 540 τήνδ’
1224 448 1610 544 ἀπεμπολᾷς
1637 452 1921 540 χθονός,
2070 469 2204 524 1360

416 556 455 626 ὃ
486 552 549 625 δ’
586 552 721 624 εἶπ’
745 578 761 592 ·
798 551 1110 645 Ὀρέστης
1138 550 1332 643 τῆσδ’
1363 551 1679 643 ὅμαιμος,
1712 549 1802 635 ὥς
1827 554 2072 645 μάθῃς,

411 656 897 746 Ἀγαμέμνονος
926 673 1115 744 παῖς,
1148 652 1341 745 τήνδ’
1381 653 1550 745 ἐμὴν
1579 664 1928 745 κομίζομαι

417 758 648 849 λαβὼν
676 756 1013 848 ἀδελφήν,
1050 755 1138 847 ἣν
1164 756 1459 829 ἆπεόλεσ’
1492 763 1565 828 ἐκ
1594 758 1844 847 δόμων.

420 859 567 931 ἀλλ’
598 858 807 932 οὐδὲν
831 852 1043 951 ἧσσον
1070 862 1431 950 εἰχόμεσθα
1458 867 1574 950 τῆς
1602 863 1793 950 ξένης

420 966 527 1030 καὶ
559 963 728 1048 πρὸς
778 961 843 1033 σ’
878 967 1162 1034 ἕπεσθαι
1192 963 1708 1053 διεβιαζόμεσθά
1735 992 1894 1042 νιν,·
2067 979 2200 1036 1365

419 1063 587 1136 ὅθεν
612 1064 693 1134 τὰ
720 1064 911 1136 δεινὰ
939 1061 1272 1155 πλήγματ’
1303 1057 1391 1154 ἦν
1418 1065 1809 1154 γενειάδων.

422 1175 643 1237 κεῖνοί
674 1195 747 1237 τε
774 1166 903 1258 γὰρ
933 1174 1220 1257 σίδηρον
1248 1165 1375 1237 οὐκ
1406 1167 1586 1255 εἶχον
1610 1182 1838 1256 χεροῖν

420 1268 607 1360 ἡμεῖς
640 1293 745 1338 τε·
775 1272 1034 1358 πυγμαὶ
1063 1267 1131 1339 δ’
1163 1261 1341 1357 ἦσαν
1368 1270 1915 1359 ἐγκροτούμεναι,

420 1375 532 1442 καὶ
566 1369 730 1440 κῶλ’
763 1368 882 1441 ἀπ’
919 1369 1177 1461 ἀμφοῖν
1205 1388 1350 1442 τοῖν
1376 1379 1688 1443 νεανίαιν
1714 1367 1850 1461 ἅμα

421 1482 514 1555 εἰς
542 1472 803 1563 πλευρὰ
825 1477 939 1542 καὶ
968 1472 1136 1564 πρὸς
1163 1465 1344 1565 ἧπαρ
1375 1471 1778 1563 ἠκοντίζετο,
2070 1490 2206 1546 1370

426 1575 592 1646 ὥστε
621 1577 983 1659 ξυνάπτειν
1012 1577 1125 1646 καὶ
1152 1594 1656 1667 συναποκαμεῖν
1682 1579 1869 1666 μέλη.

423 1685 670 1759 δεινοῖς
696 1679 773 1748 δὲ
802 1677 1284 1768 σημάντροισιν
1307 1683 1831 1770 ἐσφραγισμένοι

422 1779 802 1870 ἐφεύγομεν
830 1779 998 1870 πρὸς
1027 1780 1363 1872 κρημνόν,
1394 1789 1463 1850 οἳ
1485 1783 1610 1868 μὲν
1637 1785 1711 1850 ἐν
1739 1779 1914 1872 κάρα

422 1879 703 1971 κάθαιμ’
740 1889 999 1971 ἔχοντες
1030 1880 1398 1973 τραύμαθ’,
1433 1889 1502 1952 οἳ
1523 1879 1589 1952 δ’
1627 1887 1702 1952 έν
1732 1874 2055 1970 ὄμμασιν·

424 1982 651 2072 ὄχθοις
680 1983 741 2054 δ’
774 1988 1247 2065 ἐπισταθέντες
1281 1981 1776 2075 εὐλαβεστέρως
2070 1999 2202 2055 1375

422 2086 897 2175 ἐμαρνάμεσθα
924 2089 1039 2157 καὶ
1070 2090 1356 2175 πέτρους
1389 2087 1776 2175 ἐβάλλομεν.

422 2185 567 2258 ἀλλ’
603 2189 829 2279 εἶργον
858 2186 1029 2278 ἡμᾶς
1058 2189 1317 2272 τοξόται
1348 2189 1654 2279 πρύμνης
1688 2197 1798 2259 ἔπι

423 2295 785 2372 σταθέντες
816 2299 973 2379 ἰοῖς,
1005 2287 1163 2360 ὥστ’
1200 2288 1586 2362 ἀναστεῖλαι
1614 2291 1868 2384 πρόσω.

426 2390 555 2462 κάν
581 2399 786 2485 τῷδε,
817 2391 1039 2473 δεινὸς
1068 2391 1197 2480 γὰρ
1226 2391 1501 2464 κλύδων
1530 2391 1766 2464 ὤκειλε
1793 2401 1968 2464 ναῦν

425 2493 591 2583 πρὸς
617 2503 785 2583 γῆν,
818 2496 1030 2584 φόβος
1059 2492 1125 2564 δ’
1158 2487 1245 2584 ἦν
1273 2504 1302 2542 *
1351 2504 1380 2542 *
1427 2506 1457 2542 *
1501 2500 1718 2583 τέγξαι
1755 2499 1951 2584 πόδα,
2069 2512 2204 2566 1380

428 2594 655 2684 λαβὼν
688 2595 997 2686 Ὀρέστης
1026 2587 1210 2685 οἷμον
1241 2605 1336 2679 είς
1363 2595 1736 2689 ἀριστερόν,

426 2697 549 2786 βὰς
577 2707 670 2779 εἰς
700 2699 1053 2769 θάλασσαν
1083 2696 1247 2769 κάπὶ
1277 2707 1596 2787 κλίμακος
1629 2698 1885 2787 θορών,

429 2798 624 2890 ἔθηκ’
662 2799 967 2891 ἀδελφὴν
995 2799 1185 2883 ἐντὸς
1214 2800 1546 2890 εύσέλμου
1575 2800 1767 2888 νεώς,

425 2903 501 2972 τό
528 2901 589 2972 τ’
625 2901 927 2994 ούρανοῦ
959 2907 1253 2992 πέσημα,
1287 2912 1404 2994 τῆς
1429 2901 1599 2986 Διὸς
1627 2902 1831 2994 κόρης

428 3003 709 3094 ἄγαλμα.
740 3004 905 3087 ναὸς
932 3003 999 3074 δ’
1035 3011 1108 3075 ἐκ
1136 3011 1340 3094 μέσης
1367 3011 1740 3095 ἐφθέγξατο
2073 3022 2204 3076 1385

427 3107 553 3196 βοή
583 3137 681 3190 τις
699 3131 714 3144 ·
748 3099 803 3176 ὦ
832 3115 953 3196 γῆς
985 3105 1298 3189 Ἑλλάδος
1323 3115 1568 3178 ναῦται
1593 3108 1786 3196 νεώς,

426 3209 720 3298 λάβεσθε
748 3209 972 3296 κώπης
999 3211 1207 3298 ῥόθιά
1229 3211 1295 3278 τ’
1323 3215 1810 3278 ἐκλευκαίνετε·

430 3319 667 3400 ἔχομεν
700 3310 831 3400 γὰρ
862 3301 1089 3400 ὦνπερ
1134 3313 1343 3380 εἵνεκ’
1390 3309 1628 3406 ἄξενον
1659 3311 1874 3402 πόρον

430 3415 951 3504 Συμπληγάδων
980 3421 1244 3484 ἔσωθεν
1278 3413 1818 3501 εἰσεπλεύσαμεν.

432 3521 504 3586 οἳ
527 3517 603 3585 δὲ
632 3514 1010 3607 στεναγμὸν
1038 3513 1217 3604 ἡδὺν
1244 3514 1744 3605 ἐκβρυχώμενοι
2075 3528 2207 3581 1390
