2534 3917
1093 207 1450 266 ΜΗΔΕΙΑ
2166 207 2287 270 225

508 379 754 450 λεπτόν
784 403 853 448 τε
883 379 1140 447 πέπλον
1168 379 1284 446 καὶ
1311 376 1567 445 πλόκον
1590 376 2015 466 χρυσήλατον

505 487 748 561 παῖδας
777 484 1123 570 φέροντας.
1158 475 1307 547 ἀλλ’
1341 475 1505 548 ὅσον
1533 478 1723 565 τάχος
1749 477 1969 567 χρεων
2188 500 2289 550 950

507 584 758 672 κόσμον
786 588 1078 670 κομίζειν
1108 587 1311 671 δεῦρο
1342 581 1745 668 προσπόλων
1775 580 1943 651 τινά.

511 683 983 775 εὐδαιμονήσει
1014 680 1078 751 δ’
1114 680 1235 772 οὐχ
1272 687 1348 753 ἓν
1377 679 1545 753 ἀλλὰ
1572 690 1802 772 μυρία,

507 786 753 877 ἀνδρός
779 784 841 855 τ’
875 783 1154 874 ἀρίστου
1183 793 1311 857 σοῦ
1340 783 1617 873 τυχοῦσ’
1651 782 2017 873 ὁμευνέτου

505 892 874 978 κεκτημένη
905 917 976 957 τε
1006 889 1260 977 κόσμον
1288 885 1369 958 ὅν
1398 885 1563 957 ποθ’
1594 885 1824 968 ’Ἡλιος

507 990 755 1080 πατρὸς
785 989 999 1080 πατὴρ
1030 997 1313 1062 δίδωσιν
1342 991 1720 1078 ε’κγόνοισιν
1748 986 1866 1071 οἷς.
2186 1010 2286 1058 955

504 1092 794 1176 λάζυσθε
824 1091 1077 1182 φερνὰς
1103 1094 1334 1180 τάσδε,
1366 1099 1632 1180 παῖδες,
1670 1100 1764 1172 εἰς
1791 1095 1986 1181 χέρας

506 1198 618 1264 καὶ
653 1203 734 1286 τῇ
761 1196 1072 1287 τυράννῳ
1101 1201 1395 1286 μακαρίᾳ
1423 1195 1660 1284 νύμφῃ
1691 1194 1843 1263 δότε

510 1301 861 1387 φέροντες·
900 1294 1089 1366 οὔτοι
1119 1303 1305 1385 δῶρα
1332 1295 1595 1384 μεμπτὰ
1624 1299 1897 1378 δέξεται.

281 1412 396 1473 [A.
503 1407 574 1469 τί
595 1397 686 1487 δ’,
721 1391 776 1468 αἶ
808 1406 1085 1487 ματαία,
1113 1405 1331 1468 τῶνδε
1358 1403 1477 1480 σὰς
1505 1413 1727 1478 κενοῖς
1753 1402 1982 1488 χέρας;

507 1507 725 1584 δοκεῖς
752 1510 1096 1585 σπανίζειν
1127 1508 1319 1589 δῶμα
1340 1503 1696 1586 βασιλικὸν
1720 1503 2013 1586 πέπλων,
2185 1519 2289 1570 960

506 1610 728 1684 δοκεῖς
762 1604 837 1674 δὲ
862 1611 1155 1693 χρυσοῦς
1193 1612 1390 1689 σῶζε,
1422 1603 1511 1692 μὴ
1547 1609 1747 1672 δίδου
1773 1603 1951 1672 τάδε.

509 1717 694 1795 εἴπερ
723 1704 851 1798 γὰρ
881 1703 1051 1794 ἡμᾶς
1079 1703 1254 1788 ἀξιοῖ
1278 1707 1485 1793 λόγου
1513 1704 1693 1785 τινὸς

505 1809 709 1896 γυνή,
742 1808 1070 1898 προθήσει
1106 1808 1491 1896 χρημάτων,
1521 1803 1685 1895 σάφ’
1720 1804 1854 1874 οἶδ’
1888 1807 2036 1894 ἐγώ.

278 1919 442 1982 MH.
499 1910 591 1998 μή
621 1938 733 1998 μοι
762 1909 850 1978 σύ
869 1932 882 1946 ·
915 1917 1186 1979 πείθειν
1215 1915 1401 1997 δῶρα
1431 1911 1543 1977 καὶ
1572 1905 1782 1987 θεοὺς
1811 1909 2035 1996 λόγος’

503 2009 748 2101 χρυσὸς
779 2012 853 2080 δὲ
882 2018 1215 2100 κρείσσων
1241 2017 1509 2100 μυρίων
1536 2010 2059 2099 λόγωνβροτοῖς.
2184 2029 2283 2079 965

505 2121 730 2201 κείνης
761 2111 795 2182 ὁ
827 2119 1088 2200 δαίμων
1119 2117 1333 2195 [κεῖνα
1360 2120 1493 2183 νῦν
1522 2110 1709 2195 αὔξει
1736 2112 1927 2192 θεός·

504 2218 624 2285 νέα
651 2222 994 2306 τυραννεῖ]
1013 2239 1027 2252 ·
1061 2223 1196 2284 τῶν
1229 2214 1296 2285 δ’
1331 2221 1510 2304 ἐμῶν
1538 2222 1803 2286 παίδων
1831 2213 2055 2303 φυγὰς

503 2325 718 2405 ψυχῆς
749 2313 834 2386 ἂν
861 2315 1326 2407 ἀλλαξαίμεθ’,
1357 2317 1439 2388 ού
1464 2325 1721 2410 χρυσοῦ
1748 2318 1979 2406 μόνον.

505 2416 653 2489 ἀλλ’
687 2411 743 2488 (5
771 2418 964 2508 τέκν’,
1001 2422 1385 2491 εἰσελθόντε
1413 2429 1778 2502 πλουσίους
1807 2421 2055 2509 δόμους

504 2519 754 2610 πατρὸς
781 2526 946 2592 νέαν
975 2537 1297 2611 γυναῖκα,
1329 2524 1643 2594 δεσπότιν
1673 2521 1739 2592 δ’
1775 2524 1961 2611 ἐμήν,
2184 2539 2282 2592 970

508 2622 828 2694 ἱκετεύετ’
865 2627 1234 2706 ἐξαιτεῖσθε
1260 2625 1350 2712 μὴ
1380 2627 1663 2714 φεύγειν
1687 2626 1927 2712 χθόνα,

504 2725 755 2816 κόσμον
783 2727 1086 2807 διδόντες
1104 2749 1118 2764 ·
1151 2733 1354 2796 τοῦδε
1382 2725 1510 2818 γὰρ
1531 2727 1814 2813 μάλιστα
1844 2732 1965 2812 δεῖ,

506 2836 598 2908 είς
625 2826 793 2920 χεῖρ’
827 2833 1094 2919 ἐκείνην
1131 2835 1318 2919 δῶρα
1347 2832 1666 2912 δέξασθαι
1694 2828 1873 2898 τάδε.

505 2927 608 2998 ἴθ’
644 2928 734 3010 ὥς
761 2930 1034 3020 τάχιστα
1053 2955 1066 2969 ·
1096 2934 1299 3021 μητρὶ
1326 2929 1392 3001 δ’
1427 2923 1524 3001 ὧν
1554 2936 1674 3022 ἐρᾷ
1701 2941 1929 3018 τυχεῖν

504 3029 862 3121 εὖοέγγελοι
889 3037 1203 3122 γένοισθε
1232 3035 1599 3125 πράξαντες
1626 3040 1863 3114 καλῶς.
2180 3049 2280 3102 975

278 3141 415 3202 XO.
498 3141 632 3203 νῦν
661 3140 929 3217 ἐλπίδες
959 3134 1183 3206 οὐκέτι
1211 3165 1326 3226 μοι
1358 3145 1621 3208 παίδων
1648 3136 1818 3224 ζόας,
2026 3156 2163 3223 στρ.

501 3233 758 3307 οὐκέτι·
788 3247 1119 3327 στείχουσι
1147 3238 1275 3328 γὰρ
1306 3244 1372 3320 ἐς
1400 3241 1616 3329 φόνον
1641 3237 1793 3327 ἤδη.

501 3342 758 3421 δέξεται
785 3340 1022 3430 νύμφα
1050 3343 1357 3432 χρυσέων
1386 3341 1784 3430 ἆναδεσμῶν

503 3443 758 3522 δέξεται
789 3442 1118 3523 δύστανος
1145 3441 1342 3512 ἄταν·

902 3561 1005 3620 976
1021 3590 1092 3600 --
1115 3565 1218 3620 982
1241 3585 1323 3612 =
1346 3565 1449 3620 983
1467 3590 1540 3601 -
1558 3564 1662 3618 989

436 3655 622 3700 zvnu‘.
663 3659 791 3701 vot..
833 3643 900 3698 ss.
1854 3639 1931 3699 15
