2534 3917
318 131 444 194 154
1233 133 1398 190 ΙΩΝ

561 312 796 392 μολεῖν
819 306 1114 391 Ἀθηνῶν
1144 306 1318 389 χὺπὸ
1349 303 1683 390 μητρυιὰν
1712 318 1962 371 πεσεῖν.
2230 325 2369 373 1270

566 409 644 474 ἐν
675 407 1047 492 συμμάχοις
1075 405 1205 491 γὰρ
1236 405 1789 492 ἀνεμετρησάμην
1820 409 2077 493 φρένας

563 509 681 585 τὰς
711 508 862 590 σάς,
898 505 1062 573 ὅσον
1093 530 1206 591 μοι
1235 512 1422 591 πῆμα
1454 507 1789 592 δυσμενής
1818 507 1882 573 τ’
1905 512 2112 592 ἔφυς·

559 614 717 674 εἴσω
748 606 879 692 γάρ
911 606 998 673 ἄν
1028 631 1109 691 με
1139 611 1605 694 περιβαλοῦσα
1638 609 1932 675 δικτύων

556 707 776 792 ἄρδην
806 708 891 773 ἂν
925 710 1294 793 ἐξέπεμψας
1326 710 1420 785 είς
1445 707 1663 774 Ἅιδου
1694 710 1961 793 δόμους.
2230 726 2368 774 1274

557 809 791 875 ἴδεσθε
820 807 945 893 τὴν
975 815 1407 892 πανοῦργον,
1441 810 1517 874 ἐκ
1548 812 1782 894 τέχνης
1810 811 2053 894 τέχνην
2153 866 2160 870 .
2230 826 2363 874 1279

559 909 709 973 οἵαν
741 910 999 986 ἔπλεξε·
1049 907 1282 993 βωμὸν
1312 910 1590 992 ἔπτηξεν
1619 915 1816 993 θεοῦ,

559 1007 651 1085 ὥς
680 1006 764 1076 οῦ
795 1010 994 1094 δίκην
1024 1009 1342 1075 δώσουσα
1373 1012 1510 1074 τῶν
1543 1007 2025 1095 εἰργασμένων.
2226 1026 2361 1074 1281

557 1107 713 1175 ἀλλ’
747 1108 907 1174 οὔτε
935 1108 1160 1195 βωμὸς
1191 1107 1344 1175 οὔτ’
1370 1109 1790 1187 ’Λπόλλωνος
1821 1112 2024 1196 δόμος
2226 1126 2363 1174 1275

555 1211 761 1276 στόσει
786 1196 863 1274 σ’.
887 1203 922 1274 ὁ
945 1205 1238 1287 δὀἷκτος
1268 1207 1304 1275 ὁ
1336 1210 1452 1286 σὸς
1484 1211 1634 1294 ἐμοὶ
1666 1215 2001 1296 κρείσσων
2031 1213 2215 1296 πάρα

556 1314 670 1376 καὶ
713 1311 914 1395 μητρὶ
942 1310 1149 1395 τήμῇ·
1200 1311 1314 1374 καὶ
1342 1309 1476 1394 γάρ
1511 1313 1573 1375 εἰ
1598 1309 1674 1375 τὰ
1708 1313 1899 1395 σῶμά
1925 1336 2039 1396 μοι

558 1409 840 1476 ἄπεστιν
872 1408 1079 1493 αὐτῆς
1089 1461 1108 1493 ,
1142 1409 1426 1495 τοῦνομ’
1460 1410 1586 1476 οῦκ
1618 1411 1860 1477 ἄπεστί
1882 1433 2004 1477 πω.
2219 1425 2358 1475 1278

557 1507 867 1592 λάζυσθ’,
900 1508 993 1574 ἵν’
1027 1507 1234 1594 αὐτῆς
1263 1510 1423 1588 τοῦς
1455 1511 1832 1597 ἀκηράτους
1863 1513 2161 1587 πλόκους
2221 1525 2361 1576 1266

558 1611 768 1694 κόμης
797 1611 1218 1695 καταξήνωσι
1247 1617 1626 1698 Παρνασοῦ
1656 1615 1936 1696 πλάκες,

559 1711 728 1776 ὅθεν
756 1722 1079 1797 πετραῖον
1110 1710 1288 1794 ἅλμα
1323 1714 1827 1796 δισκηθήσεται.
2225 1727 2359 1777 1268

343 1826 463 1882 ΗΡ.
556 1812 911 1886 ἀπεννέπω
941 1837 1017 1885 σε
1043 1815 1133 1904 μὴ
1163 1824 1621 1886 κατακτείνειν
1649 1817 1763 1904 ἐμὲ
2218 1826 2356 1880 1282

335 2030 527 2086 ΜΞΝ.
559 2027 631 2088 τί
653 2016 716 2089 δ’
751 2022 890 2090 ἐστὶ
918 2028 1146 2112 Φοίβῳ
1177 2028 1292 2089 σοί
1311 2047 1383 2089 τε
1407 2017 1641 2089 κοινὸν
1670 2024 1743 2089 ἐν
1770 2024 1980 2115 μέσως

343 2134 391 2190 Η
407 2134 463 2190 Ρ.
559 2122 745 2208 ἱερὸν
776 2121 850 2190 τὸ
880 2129 1070 2209 σῶμα
1097 2129 1191 2213 τῷ
1218 2129 1363 2214 θεῷ
1393 2120 1636 2210 δίδωμ’
1670 2129 1868 2210 ἔχειν.
2199 2140 2330 2194 1285

339 2234 531 2290 ΜΞΝ.
560 2214 709 2313 κᾷτ’
743 2230 1010 2303 ἔκτανες
1033 2221 1122 2292 σὺ
1152 2223 1528 2312 φαρμάκοις
1556 2221 1675 2293 τὸν
1702 2232 1826 2293 τοῦ
1854 2231 2061 2308 θεούς

335 2334 461 2390 ΚΡ.
554 2321 704 2393 ἀλλ’
737 2320 958 2393 οὐκέτ’
990 2316 1172 2412 ἦσθα
1195 2329 1476 2413 Λοξίου,
1507 2323 1755 2414 πατρὸς
1783 2327 1859 2396 δὲ
1886 2335 2033 2396 σοῦ.

331 2434 527 2494 ΜΞΝ.
560 2422 706 2494 ἀλλ’
741 2425 1188 2514 ἐγενόμεσθα,
1220 2425 1471 2517 πατρὸς
1499 2423 1565 2496 δ’
1599 2424 1840 2497 οὐσίαν
1869 2433 2060 2516 λέγω.

335 2538 463 2594 ΚΡ.
558 2525 816 2597 οῦκουν
841 2525 980 2598 τότ’
1013 2518 1225 2617 ἦσθα;
1257 2537 1391 2598 νῦν
1420 2526 1487 2597 δ’
1526 2528 1689 2617 ἐγώ,
1720 2527 1806 2598 σύ
1836 2528 1902 2599 δ’
1936 2526 2160 2599 οὐκέτ’
2196 2529 2273 2599 εἶ.

335 2642 527 2698 MAN.
557 2627 682 2699 οὐκ
712 2626 992 2720 εὐσεβής
1019 2653 1127 2720 γε·
1157 2629 1330 2720 τάμὰ
1357 2627 1422 2699 δ’
1458 2626 1701 2719 εὐσεβῆ
1729 2629 1863 2699 τότ’
1894 2623 2002 2718 ἦν.
2204 2648 2341 2702 1290

335 2742 463 2798 ΗΡ,
554 2733 816 2803 ἔκτεινά
843 2731 912 2802 σ’
946 2731 1110 2804 ὄντα
1136 2737 1456 2821 πολέμιον
1484 2732 1714 2820 δόμοις
1744 2735 1944 2819 ἐμοῖς.

331 2842 527 2902 ΜΞΝ.
556 2830 743 2902 οῦτοι
771 2833 903 2902 σὺν
931 2833 1160 2914 ὅπλοις
1184 2827 1403 2921 ἦλθον
1432 2842 1525 2914 εἰς
1552 2832 1675 2922 τὴν
1702 2831 1828 2923 σὴν
1854 2833 2092 2921 χθόνα.

335 2946 463 3002 ΗΡ.
553 2935 869 3021 μάλιστα·
900 2931 1287 3026 κάπίμπρας
1315 2934 1381 3024 γ’
1408 2934 1770 3025 Ἐρεχθέως
1800 2936 2070 3024 δόμους.

333 3046 523 3102 ffiN.
553 3042 806 3104 ποίοισι
835 3051 1070 3116 πανοῖς
1095 3032 1141 3125 ἦ
1167 3037 1381 3128 πυρὸς
1407 3045 1566 3128 ποίᾳ
1593 3047 1806 3127 φλογί
1815 3069 1833 3121 ;

335 3146 463 3206 ΗΡ,
555 3142 822 3223 ἔμελλες
849 3144 1060 3208 οἰκεῖν
1087 3135 1264 3227 τᾶμ’,
1296 3144 1459 3229 ἐμοῦ
1488 3147 1605 3231 βίᾳ
1632 3139 1880 3228 λαβών.
2203 3154 2340 3208 1295

327 3246 527 3306 ΚΞΝ.
553 3234 836 3309 κᾶπειτα
864 3248 988 3311 τοῦ
1014 3242 1284 3328 μέλλειν
1311 3239 1381 3331 μ’
1416 3240 1799 3323 ἀπέκτεινες
1828 3241 2059 3336 φόβῳς
2199 3256 2341 3311 1300

331 3350 459 3406 ΚΡ.
555 3335 644 3419 ὥς
668 3339 758 3429 μὴ
785 3342 1074 3430 θάνοιμί
1093 3340 1186 3432 γ’,
1219 3351 1285 3412 εἰ
1304 3343 1392 3412 σύ
1420 3342 1509 3431 μὴ
1536 3346 1798 3430 μέλλων
1824 3343 2069 3432 τύχοις.

341 3450 527 3506 ΓΞΞΝ.
557 3451 841 3529 φθονεῖς
869 3442 1068 3526 ἅπαις
1097 3436 1276 3530 οὖσ’,
1309 3452 1373 3513 εί
1395 3442 1610 3532 πατὴρ
1643 3449 1877 3533 ἐξηῦρέ
1900 3473 2003 3534 με.

2523 258 2524 320 ι

2522 325 2524 412 4

2524 592 2527 737 ι

2526 926 2528 1013 Ψ

2528 1258 2531 1425 1
