2534 3917
1149 149 1502 208 MHAEIA
2136 149 2254 248 23}

246 327 438 392 ΑΓΓ.
471 319 616 388 ἐπεὶ
643 318 900 386 τέκνων
928 322 1068 387 σῶν
1093 306 1265 404 ἦλθε
1295 321 1608 402 δίπτυχος
1634 315 1798 406 γονὴ

475 419 608 489 σὺν
635 420 834 509 πατρὶ
861 420 977 488 καὶ
1002 426 1315 508 παρῆλθε
1339 417 1722 506 νυμφικοὺς
1750 419 2021 508 δόμους,

469 518 781 611 ἥσθημεν
810 526 1000 610 οἵπερ
1031 536 1174 600 σοῖς
1204 517 1579 609 ἐκάμνομεν
1610 537 1840 602 κακοῖς

479 629 697 711 δμῶες
714 645 728 659 ·
766 619 860 692 δι’
884 632 1092 692 οἴκων
1123 619 1189 692 δ’
1223 619 1438 704 εὐθὺς
1466 615 1554 711 ἦν
1579 621 1789 703 πολὺς
1815 623 2013 711 λόγος

476 725 552 794 σὲ
579 726 692 794 καὶ
720 725 918 794 πόσιν
946 723 1069 793 σὸν
1095 741 1315 806 νεῖκος
1344 729 1692 795 ἑσπεῖσθαι
1719 724 1793 794 τὸ
1822 734 2005 814 πρίν.
2125 745 2259 798 1140

477 842 676 896 κυνεῖ
698 823 762 895 δ’
797 822 833 895 ὃ
862 825 988 914 μέν
1015 854 1114 909 τις
1140 825 1337 915 χεῖρ’,
1364 827 1402 895 ὃ
1440 827 1515 896 δὲ
1542 825 1799 908 ξανθὸν
1827 828 2000 920 κάρα

477 934 740 998 παίδων
756 950 772 966 ·
803 926 932 1015 ἐγω
965 929 1041 997 δὲ
1067 925 1313 1010 καύτὸς
1338 925 1585 1018 ἡδονῆς
1611 925 1745 998 ὕπο

477 1033 712 1120 στέγας
737 1037 1085 1120 γυναικῶν
1114 1029 1244 1101 σὺν
1273 1034 1532 1112 τέκνοις
1558 1027 1674 1119 ἅμ’
1708 1032 2028 1122 ἑσπόμην.

475 1135 797 1203 δέσποινα
827 1130 890 1200 δ’
923 1129 1010 1221 ἢν
1037 1139 1171 1200 νῦν
1197 1129 1347 1201 ἀντὶ
1374 1139 1499 1202 σοῦ
1525 1135 1979 1225 θαυμάζομεν,

477 1237 640 1325 πρὶν
665 1236 791 1323 μὲν
821 1237 1077 1304 τέκνων
1106 1242 1245 1303 σῶν
1278 1239 1553 1303 εἰσιδεῖν
1581 1240 1943 1326 ξυνωρίδα,
2124 1257 2256 1311 1145

476 1337 838 1426 πρόθυμον
868 1332 992 1424 εἶχ’
1025 1333 1391 1424 ὀφθαλμὸν
1425 1343 1519 1416 εἰς
1552 1334 1805 1406 Ἰάσονα
1828 1360 1843 1376 ·

473 1446 698 1508 ἔπειτα
725 1441 952 1528 μέντοι
981 1435 1497 1528 προυκαλύψατ’
1528 1436 1787 1528 ὄμματα

477 1541 729 1630 λευκήν
756 1537 816 1610 τ’
853 1538 1213 1630 ἀπέστρεψ’
1249 1549 1535 1628 ἔμπαλιν
1564 1549 1879 1634 παρηίδα,

476 1649 741 1713 παίδων
767 1639 1168 1731 μυσαχθεῑσ’
1203 1644 1541 1724 εἰσόδους·
1572 1645 1765 1726 πόσις
1793 1646 1868 1714 δὲ
1896 1643 2011 1726 σὸς

482 1742 684 1836 ὄργας
713 1742 960 1836 ἀφῄρει
987 1747 1100 1813 καὶ
1127 1750 1333 1833 χόλον
1362 1751 1674 1828 νεάνιδος
2122 1768 2258 1819 1150

474 1849 690 1936 λέγων
713 1844 865 1917 τάδ’
887 1868 902 1884 ·
931 1843 1014 1915 οὐ
1043 1845 1132 1934 μὴ
1162 1845 1499 1935 δυσμενὴς
1530 1854 1665 1917 ἔσει
1694 1856 1939 1936 φίλοις,

476 1951 719 2020 παύσει
748 1950 824 2018 δὲ
849 1955 1082 2037 θυμοῦ
1115 1953 1227 2018 καὶ
1256 1949 1460 2018 πάλιν
1486 1952 1789 2038 στρέψεις
1820 1951 2013 2042 κάρα,

474 2061 715 2140 φίλους
738 2047 1072 2140 νομίζουὸ
1104 2048 1357 2142 οὕσπερ
1388 2046 1474 2121 ἂν
1501 2052 1692 2132 πόσις
1722 2055 1948 2141 σέθεν,

473 2157 645 2236 δέξει
672 2154 750 2223 δὲ
779 2160 965 2244 δῶρα
995 2156 1111 2224 καὶ
1137 2154 1532 2244 παραιτήσει
1559 2153 1809 2245 πατρὸς

476 2255 702 2345 φυγὰς
731 2252 1006 2345 ἀφεῖναι
1035 2259 1224 2326 παισὶ
1250 2252 1454 2328 τοῖσδ’
1488 2256 1655 2346 ε’μὴν
1682 2257 1912 2348 χάρινς
2122 2277 2254 2330 1155

475 2355 510 2445 ἢ
541 2356 606 2426 δ’
642 2355 732 2440 ὦς
759 2363 975 2430 ἐσεῖδε
1006 2358 1294 2448 κόσμον,
1324 2356 1449 2430 οὐκ
1480 2357 1817 2448 ἠνέσχετο,

474 2456 622 2530 ἀλλ’
655 2457 844 2550 ᾔνεσ’
879 2460 1077 2554 ἀνδρὶ
1104 2462 1355 2533 πάντα·
1388 2465 1503 2533 καὶ
1530 2465 1693 2554 πρὶν
1721 2467 1793 2532 ἐκ
1824 2463 2051 2551 δόμων

472 2562 736 2652 μακρὰν
762 2561 1030 2635 ἀπεῖναι
1056 2567 1309 2656 πατέρα
1336 2567 1450 2636 καὶ
1477 2571 1722 2646 παῖδας
1747 2567 1973 2653 σέθεν,

473 2671 772 2752 λαβοῦσα
801 2669 1097 2746 πέπλους
1125 2674 1475 2748 ποικίλους
1502 2663 1889 2754 ἠμπίσχετο,

469 2774 768 2856 χρυσοῦν
796 2796 868 2837 τε
898 2780 1098 2838 θεῖσα
1125 2771 1463 2857 στέφανον
1503 2766 1676 2856 ἀμφὶ
1705 2768 2097 2858 βοστρύχοις
2127 2787 2255 2842 1160

471 2877 752 2963 λαμπρῷ
783 2870 1132 2961 κατόπτρῳ
1161 2877 1620 2958 σχηματίζεται
1648 2870 1885 2959 κόμην,

473 2967 736 3058 ἄψυχον
765 2970 923 3042 εἰκώ
953 2979 1393 3063 προσγελῶσα
1421 2973 1741 3061 σώματος.

470 3068 733 3143 κᾶπειτ’
767 3071 1086 3145 ἄναστᾶσ’
1120 3078 1193 3144 ἐκ
1220 3075 1500 3167 θρόνων
1530 3079 1859 3168 διέρχεται

471 3177 744 3265 στέγας,
776 3175 991 3267 ἁβρὸν
1017 3185 1353 3266 βαίνουσα
1381 3178 1735 3271 παλλεύκῳ
1770 3185 1951 3266 ποδί,

470 3277 714 3368 δωροις
741 3276 1275 3372 ὑπερχαίρουσα,
1309 3278 1523 3350 πολλὰ
1551 3281 1869 3361 πολλάκις
2123 3297 2255 3350 1165

472 3377 730 3450 τένοντ’
764 3384 829 3462 ές
858 3378 1076 3471 ὀρθὸν
1111 3377 1358 3470 ὄμμασι
1385 3385 1832 3471 σκοπουμένῃ.

473 3477 850 3551 τούνθένδε
877 3487 1105 3570 μέντοι
1135 3482 1367 3555 δεινὸν
1394 3475 1480 3571 ἦν
1506 3482 1707 3573 θέαμ’
1742 3491 1917 3553 ἰδεῖν
1934 3507 1949 3521 ·
