2534 3917
338 181 462 246 174

332 971 510 1031 ΣΕΙ.

245 1679 248 1684 ’
328 1682 506 1742 ΣΕΙ.

331 1784 472 1844 ΟΔ.

326 1887 505 1947 ΣΕΙ.

331 1991 472 2048 ΟΔ.

326 2497 463 2558 ΚΤ.

323 3414 457 3473 XO.

1163 179 1458 238 ΚΤΚΛΩ.
1472 183 1543 238 Ψ

568 350 693 438 τὴν
720 349 1076 440 προδότιν,
1108 343 1154 434 ἢ
1181 345 1340 428 τούς
1366 347 1717 428 θυλάκους
1742 347 1905 429 τοῦς
1937 359 2291 435 ποικίλους

564 454 719 541 περὶ
747 468 895 521 τοῖν
921 459 1190 520 σκελοῖν
1220 455 1463 518 ἰδοῦσα
1492 453 1604 518 καὶ
1632 449 1755 519 τὸν
1785 451 2077 541 χρύσεον

564 551 798 643 κλφόν
826 559 1171 644 φοροῦντα
1199 554 1355 642 περὶ
1380 554 1586 638 μέσον
1612 550 1732 620 τὸν
1759 549 2011 641 αῦχένα

562 656 967 744 ἐξεπτοήθη,
999 657 1367 724 Μενέλεων
1396 649 1795 743 ἀνθρώπιον
2248 676 2351 730 185

561 765 819 850 λῷστον
850 763 1158 827 λιποῦσα.
1190 760 1505 842 μηδαμοῦ
1532 759 1729 841 γένος
1756 756 1914 825 ποτε

564 867 780 948 φῦναι
809 864 1156 947 γυναικῶν
1184 855 1423 945 ὤφελ’,
1457 863 1522 926 εί
1542 857 1632 946 μὴ
1658 853 1794 945 ’μοὶ
1819 858 2028 950 μόνω.

562 958 716 1031 ἰδοῦ
744 958 891 1029 τάδ’
922 956 1087 1047 ὑμῖν
1113 966 1446 1046 ποιμνίων
1472 958 1879 1084 βοσκήματα,

560 1059 723 1145 άναξ
747 1059 1107 1150 Ὀδυσσεῦ,
1138 1061 1462 1150 μηκάδων
1489 1057 1718 1151 ἀρνῶν
1745 1069 2014 1185 τροφαί,

558 1171 817 1252 πηκτοῦ
845 1162 1172 1253 γάλακτός
1202 1160 1264 1232 τ’
1298 1159 1385 1231 οὐ
1411 1162 1661 1233 σπάνια
1687 1163 2088 1254 τυρεύματα.
2245 1183 2351 1237 190

562 1269 892 1358 φέρεσθε,
921 1262 1206 1357 χωρεῖθ’
1241 1261 1333 1344 ῶς
1358 1262 1612 1352 τάχιστ’
1645 1261 1913 1355 άντρων
1941 1293 2093 1354 απο,

560 1367 843 1457 βότρυος
871 1370 1015 1456 ἐμοὶ
1044 1363 1221 1454 πῶμ’
1258 1364 1643 1448 ἀντιδόντες
1677 1365 1891 1437 εὐίου.

559 1479 767 1558 οἴμοι·
800 1470 1102 1552 Κύκλωψ
1134 1466 1240 1539 οδ’
1274 1477 1559 1557 ἔρχεται·
1594 1478 1665 1540 τί
1690 1469 2057 1560 δράσομεν;

559 1569 998 1659 ἀπολώλαμεν
1024 1571 1188 1662 γάρ,
1220 1563 1278 1641 οἷ
1304 1575 1537 1660 γέρον·
1574 1588 1695 1642 ποῖ
1714 1568 1840 1662 χρὴ
1869 1587 2153 1662 φυγεῖν;

557 1679 686 1742 ἔσω
717 1676 958 1764 πέτρας
987 1669 1203 1762 τῆσδ’,
1247 1665 1461 1764 οῦπερ
1491 1668 1577 1742 άν
1602 1674 1882 1744 λάθοιτέ
1906 1703 2003 1762 γε.
2240 1694 2341 1748 195

557 1773 786 1847 δεινὸν
815 1773 960 1847 τόδ’
998 1775 1216 1864 εἶπας,
1251 1774 1530 1866 ἀρκύων
1556 1784 1789 1864 μολεῖν
1818 1783 1966 1845 ἔσω.

559 1875 641 1948 οῦ
672 1879 933 1950 δεινόν·
967 1881 1094 1949 είσὶ
1124 1880 1510 1966 καταφυγαὶ
1538 1880 1778 1948 πολλαὶ
1805 1882 2065 1969 πέτρας.

555 2009 638 2050 ου
669 1980 818 2069 δῆτ’
843 2005 858 2020 ·
903 1985 1055 2051 ἐπεί
1075 1976 1200 2050 τάν
1225 1979 1480 2070 μεγάλα
1503 1980 1566 2067 γ’
1606 1976 1649 2069 ἡ
1687 1987 1895 2070 Τροία
1923 1983 2159 2069 στένοι,

558 2090 622 2152 εί
645 2080 1060 2172 φευξόμεσθ’
1096 2081 1197 2152 ἔν’
1230 2081 1482 2170 ἄνδρα·
1511 2090 1760 2172 μυρίον
1790 2079 1858 2151 δ’
1894 2079 2089 2169 ὄχλον

557 2194 853 2274 Φρυγῶν
882 2182 1182 2271 ὑπέστην
1211 2184 1531 2264 πολλάκις
1558 2183 1692 2254 σῦν
1721 2183 1972 2254 ἀσπίδι.
2223 2201 2325 2254 2⁰0

553 2283 702 2354 ἀλλ’
739 2295 803 2356 εἰ
826 2297 1071 2355 θανεῖν
1098 2291 1235 2374 δεῖ,
1265 2284 1779 2375 κατθανούμεθ’
1816 2283 2123 2374 εὐγενῶς,

552 2384 596 2476 ἢ
623 2395 861 2470 ζῶντες
888 2386 1082 2457 αἶνον
1111 2384 1231 2458 τὸν
1259 2388 1471 2478 πάρος
1502 2416 1579 2476 γε
1606 2389 1930 2477 σῶσομεν.

546 2486 773 2578 ἄνεχε,
806 2489 1082 2579 πάρεχε,
1115 2499 1186 2559 τί
1208 2489 1408 2572 τάδε;
1437 2498 1535 2571 τίς
1562 2488 1605 2580 ἡ
1634 2495 1975 2582 ῥᾳθυμίας

551 2599 622 2661 τί
643 2589 1014 2681 βακχιάζετ’
1039 2623 1056 2676 3
1088 2589 1240 2680 οὐχὶ
1267 2591 1605 2674 Διόνυσος
1634 2593 1813 2677 τάδε,

551 2690 632 2764 οὐ
661 2696 954 2786 κρόταλα
979 2702 1232 2782 χαλκοῦ
1261 2693 1631 2784 τυμπάνων
1656 2691 1723 2763 τ’
1752 2690 2121 2784 ἀράγματα.
2230 2713 2331 2766 205

546 2805 686 2878 πῶς
712 2827 825 2886 μοι
851 2795 997 2866 κατ’
1032 2794 1242 2887 ἄντρα
1268 2797 1558 2884 νεόγονα
1589 2793 2045 2885 βλαστήματα;

545 2888 591 2986 ἦ
619 2900 785 2988 πρός
812 2926 884 2968 τε
910 2913 1181 2986 μαστοῖς
1210 2904 1338 2968 εἰσι
1363 2895 1539 2986 χῦπό
1566 2901 1871 2987 μητέρων

548 2997 841 3090 πλευρὰς
866 3002 1205 3088 τρέχουσι,
1235 3007 1595 3088 σχοινίνοις
1622 2998 1683 3069 τ’
1718 3004 1793 3070 ἐν
1819 2999 2080 3087 τεύχεσι

551 3100 875 3191 πλήρωμα
903 3109 1131 3191 τυρῶν
1161 3106 1343 3171 ἐστιν
1370 3103 1891 3191 ἐξημελγμένον;

547 3210 618 3271 τί
639 3231 843 3292 φατες
876 3210 948 3273 τί
969 3205 1229 3290 λέγετε;
1259 3203 1420 3292 τάχα
1450 3232 1547 3285 τις
1576 3202 1771 3292 ὑμῶν
1802 3212 1894 3298 τῶ
1922 3203 2097 3298 ξύλω
2224 3221 2329 3274 210

549 3304 810 3393 δάκρυα
837 3305 1150 3394 μεθήσει·
1181 3303 1450 3395 βλέπετ’
1483 3303 1624 3375 ἀνω
1650 3308 1768 3376 καὶ
1791 3306 1883 3395 μὴ
1913 3307 2109 3376 κάτω.

543 3405 727 3492 ἰδού,
759 3407 925 3498 πρὸς
953 3405 1163 3477 αὐτὸν
1189 3407 1311 3476 τὸν
1328 3405 1447 3476 Δί’
1480 3404 2023 3496 ἀνακεκύφαμεν,

543 3506 624 3575 τά
651 3501 700 3575 τ’
735 3504 943 3598 ἄστρα
971 3511 1082 3578 καὶ
1109 3507 1227 3576 τὸν
1251 3506 1545 3597 Ὠρίωνα
1574 3511 1916 3599 δέρκομαι.
