2534 3917
558 212 564 218 ·
628 188 1087 247 ,ΙΦΙΓΕΝΕῙΑ
1130 190 1200 247 H
1236 191 1360 247 EN
1400 191 1711 249 AYAIAI
2121 194 2198 257 13

179 370 326 429 ΜΕ.
408 356 732 449 σκήπτρῳ
760 354 906 445 τάχ’
941 347 1072 446 ἆρα
1095 356 1220 428 σὸν
1247 359 1641 447 καθαιμάξω
1671 361 1865 453 κάρα.

182 470 302 531 ΠΡ.
401 455 556 529 ἀλλ’
592 456 862 540 εὐκλεές
891 486 991 528 τοι
1021 464 1371 530 δεσποτῶν
1396 462 1729 551 θνήσκειν
1754 460 1951 554 ὕπερ.

179 572 322 633 ΜΕ.
397 564 608 651 μέθες
626 584 642 599 ·
672 560 973 652 μακροὺς
999 561 1074 630 δὲ
1104 567 1349 642 δοῦλος
1377 558 1476 633 ῶν
1502 567 1718 653 λέγεις
1745 565 2009 655 λόγους.

179 674 302 735 ΠΡ.
402 656 460 733 ῶ
490 661 791 752 δέσποτ’,
823 660 1312 752 ἀδικούμεσθα.
1340 663 1461 747 σὰς
1489 662 1556 736 δ’
1590 667 1939 751 ἐπιστολὰς

410 766 784 855 ἐξαρπάσας
813 762 919 836 ὅδ’
954 770 1027 835 ἐκ
1055 772 1276 856 χερῶν
1303 771 1485 855 ἐμῶν
1512 775 1652 861 βίᾳ,
2089 791 2193 845 315

401 865 857 957 Ἀγάμεμνον,
887 864 1094 938 οὐδὲν
1120 875 1202 959 τῇ
1229 874 1389 959 δίκῃ
1416 876 1709 960 χρῆσθαι
1737 874 1946 943 θέλει.

176 980 372 1041 ΑΓΛ.
417 978 495 1041 ἔα
515 993 532 1007 ·

403 1082 506 1153 τίς
533 1070 683 1143 ποτ’
719 1076 792 1142 ἐν
821 1073 1098 1143 πύλαισι
1126 1072 1431 1165 θόρυβος
1460 1078 1573 1145 καὶ
1600 1074 1825 1165 λόγων
1864 1074 2191 1168 ἀκοσμίας

177 1186 320 1247 ΜΕ.
404 1171 615 1263 οὑμὸς
643 1172 768 1263 οὐχ
794 1170 830 1245 ὃ
859 1182 1061 1246 τοῦδε
1087 1182 1311 1264 μῦθος
1340 1177 1746 1267 κυριώτερος
1774 1181 2019 1268 λέγειν.

177 1286 368 1349 ΑΓΛ.
409 1276 502 1348 σὺ
531 1278 610 1347 δὲ
636 1284 708 1347 τί
727 1276 895 1371 τῷδ’
940 1282 1006 1360 ἐς
1050 1284 1196 1368 ἔριν
1223 1273 1496 1367 ἀφῖξαι,
1536 1284 1934 1368 Μενέλεως,
1977 1291 2097 1375 βίᾳ
2123 1283 2184 1354 τ’

1084 1408 1307 1468 αγεις;

182 1492 320 1553 ME.
401 1485 660 1572 βλέψον
701 1489 796 1565 εἰς
838 1480 1044 1572 ἡμᾶς,
1101 1480 1193 1553 ἵν’
1253 1479 1459 1574 ἀρχὰς
1500 1490 1637 1554 τῶν
1678 1484 1903 1573 λόγων
1944 1488 2188 1572 ταύτας

1083 1583 1289 1673 λάβω.
2084 1608 2189 1663 320

181 1696 366 1758 ΑΓΛ.
407 1694 560 1777 μῶν
588 1688 822 1777 τρέσας
853 1684 981 1758 οὐκ
1030 1685 1447 1809 ἀνακαλύψω
1486 1692 1867 1780 βλέφαρον,
1908 1686 2189 1783 Ἀτρέως

1127 1817 1159 1859 ε
1207 1818 1258 1859 ω
1318 1820 1333 1837 ·

183 1901 320 1963 ΜΕ.
417 1888 613 1981 τήνδ’
659 1888 820 1983 ὁρᾷς
865 1819 1136 1980 δέλτοῖ,
1160 1818 1520 1961 ἴιαῗιίστων
1561 1892 1968 1983 γραμμάτων
2007 1890 2187 1983 ὑπη-

1081 1998 1301 2084 ρέτιν;

171 2104 365 2167 ΑΓΛ.
409 2102 673 2188 εἰσορῶ,
705 2097 819 2165 καὶ
845 2104 1077 2187 πρῶτα
1103 2094 1357 2183 ταύτην
1383 2101 1526 2165 σῶν
1554 2092 1936 2180 ἀπάλλαξον
1945 2105 2185 2190 χερῶν.

175 2207 317 2270 ΜΕ.
401 2194 523 2286 οὔ,
564 2200 729 2290 πρὶν
773 2194 860 2267 ἂν
903 2201 1100 2283 δείξω
1140 2227 1218 2288 γε
1244 2208 1546 2280 Δαναοῖς
1573 2205 1736 2269 πᾶσι
1765 2196 2187 2293 τάγγεγραμ-

1127 2305 1265 2371 ε’να.

167 2410 364 2473 ΑΓΛ.
406 2393 452 2489 ἦ
492 2400 622 2491 γὰρ
663 2398 850 2471 οἷσθ’
901 2399 946 2472 ἃ
981 2330 1194 2493 μήμσε
1233 2400 1467 2492 καιρὸς
1517 2408 1804 2491 εἰδέναι,
1852 2403 2182 2497 σήμαντρ’

595 2582 600 2587 ,
1078 2502 1301 2590 ἆνείς;
2065 2526 2185 2593 ,325

167 2613 317 2675 ΜΕ.
400 2602 572 2677 ῶστε
599 2602 667 2674 σ’
712 2602 1011 2694 ἀλγῦναί
1046 2604 1116 2697 γ’
1137 2660 1156 2695 ,
1186 2606 1489 2695 ἀνοίξας,
1519 2604 1563 2677 ἃ
1588 2608 1676 2679 σύ
1704 2606 1861 2679 κάκ’
1895 2611 2185 2699 εἰργάσω

1077 2709 1216 2780 λάθ
1261 2739 1323 2779 α.

30 2832 32 2845 ’
165 2818 363 2879 ΑΓΛ.
405 2816 544 2881 ποῦ
592 2809 668 2879 δὲ
710 2806 998 2900 κᾶλαβές
1036 2841 1184 2895 νιν;
1217 2739 1299 2937 θῶ
1338 2818 1527 2898 θεοί,
1571 2818 1691 2900 σῆς
1733 2808 2185 2903 ἀναισχύντου

1078 2942 1348 3004 φρενος.

165 3022 316 3085 ΜΕ.
399 3019 806 3106 προσδοκῶν
832 3014 961 3107 σὴν
991 3013 1181 3086 παῖδ’
1216 3013 1337 3086 ἀπ’
1364 3013 1692 3106 Ἄργους,
1728 3024 1792 3087 εἰ
1816 3016 2179 3108 στράτευμ’

1080 3114 1410 3207 ἀφίξεται.

165 3228 364 3289 ΑΓΛ.
403 3226 476 3289 τί
513 3220 597 3311 δέ
633 3239 710 3288 σε
737 3216 910 3309 τάμὰ
957 3226 1069 3291 δεῖ
1103 3221 1513 3309 φυλάσσειν;
1556 3218 1683 3291 οὐκ
1728 3217 2183 3311 ἀναισχύντου

1077 3320 1266 3394 τόδε·

167 3431 314 3493 ΜΕ.
397 3420 506 3493 ὅτι
543 3420 619 3492 τὸ
666 3423 1050 3511 βούλεσθαί
1067 3422 1144 3514 μ’
1193 3377 1440 3510 §azanes-
1495 3424 1611 3506 σὸς
1644 3426 1721 3495 δὲ
1766 3430 2010 3506 δοῦλος
2052 3433 2179 3497 οὐκ

1085 3536 1281 3613 ἔφυν.
2078 3544 2183 3596 330
