2534 3917
155 365 276 425 AX.

157 567 278 628 ΚΛ.

156 773 277 833 ΑΧ.

151 975 274 1035 ΚΛ.

149 1180 276 1240 ΑΧ.

150 1382 276 1441 ΚΛ.

147 1585 276 1644 AX.

143 1787 272 1849 KA.

144 1993 274 2051 AX.

148 2194 266 2255 ΠΡ.

148 2399 272 2458 ΑΧ.

147 2498 268 2558 ΠΡ.

147 2602 274 2661 ΑΧ.

149 2698 267 2761 ΠΡ.

34 2976 36 2989 Ι
145 2906 273 2965 AX.

147 3105 271 3165 ΠΡ.

149 3206 273 3269 ΚΛ.

150 3306 271 3369 ΠΡ.

149 3410 274 3473 ΑΧ.

591 186 1054 244 ΙΦῙΓΕΝΕΙΑ
1101 186 1164 243 H
1205 188 1327 245 EN
1364 188 1677 247 ΑΤΛΙΔΙ
2064 188 2137 253 31

355 361 598 435 ποίους
624 353 882 442 γάμους
909 353 1079 443 φής;
1113 350 1371 443 ἀφασία
1398 351 1471 443 μ’
1504 362 1669 443 ἔχει,
1702 354 1925 445 γύναι.

363 462 427 527 εἰ
451 455 546 545 μή
574 483 638 525 τι
666 462 1100 545 παρανοοῦσα
1127 472 1553 547 καινουργεῖς
1578 457 1803 547 λόγον.

357 566 566 628 πᾶσιν
592 554 744 628 τόδ’
777 560 1198 645 ἐμπέφυκεν,
1227 563 1572 633 αἰδεῖσθαι
1600 568 1844 649 φίλους

361 658 640 742 καινοὺς
669 655 878 749 ὁρῶσι
903 660 1016 728 καὶ
1045 659 1264 747 γάμου
1288 663 1771 749 μεμνημένους.
2040 680 2147 737 840

357 758 706 833 οὐπώποτ’
739 759 1154 851 ἐμνήστευσα
1181 767 1387 832 παῖδα
1414 762 1574 850 σήν,
1604 761 1828 851 γύναι,

360 860 516 934 οὐδ’
551 866 615 944 ἐξ
640 860 998 952 Ἀτρειδῶν
1025 853 1201 950 ἦλθέ
1220 891 1335 951 μοι
1362 863 1557 951 λόγος
1584 864 1838 953 γάμων.

356 974 429 1034 τί
451 961 603 1051 δῆτ’
637 960 724 1034 ἂν
752 974 893 1053 εἴη,
926 961 1012 1034 σὺ
1041 964 1244 1033 πάλιν
1271 956 1364 1035 αὖ
1390 964 1635 1053 λόγους
1664 966 1863 1055 έμούς

361 1064 657 1154 θαύμαζ’
679 1089 694 1104 ·
725 1069 870 1154 ἐμοὶ
895 1065 1025 1156 γὰρ
1053 1064 1357 1155 θαύματ’
1389 1069 1527 1137 ἐστὶ
1554 1068 1724 1137 τάπὸ
1769 1074 1917 1136 σοῦ.

363 1177 580 1251 εἴκαζε
598 1190 612 1205 ·
643 1168 879 1238 κοινόν
906 1170 1086 1237 ἐστιν
1115 1168 1401 1250 εἰκάζειν
1427 1169 1586 1238 τάδε
1605 1192 1619 1205 ·
2042 1186 2147 1242 845

363 1268 566 1359 ἄμφω
595 1269 725 1359 γὰρ
753 1266 838 1339 ού
867 1268 1264 1357 ψευδόμεθα
1294 1285 1431 1351 τοῖς
1457 1270 1681 1358 λόγοις
1711 1281 1888 1351 ἴσως.

355 1370 506 1443 ἀλλ’
537 1363 584 1459 ἦ
612 1376 923 1442 πέπονθα
953 1371 1175 1455 δεινάς
1205 1371 1559 1462 μνηστεύω
1590 1369 1844 1459 γάμους

361 1471 490 1544 οὐκ
518 1471 751 1560 ὄντας,
783 1469 872 1553 ὥς
901 1477 1180 1556 εἴξασιν·
1209 1479 1528 1564 αἰδοῦμαι
1554 1473 1733 1544 τάδε.

359 1588 520 1657 ἴσως
549 1572 948 1664 ἐκερτόμησε
975 1570 1142 1663 κάμὲ
1174 1578 1287 1645 καὶ
1313 1578 1395 1646 σέ
1415 1603 1533 1657 τις.

361 1676 511 1747 ἀλλ’
545 1673 787 1768 ἀμελίᾳ
814 1676 932 1758 δὸς
961 1673 1134 1748 αὐτὰ
1163 1680 1278 1746 καὶ
1307 1677 1585 1766 φαύλως
1613 1678 1799 1768 φέρε.
2037 1696 2145 1751 850

353 1778 534 1870 χαῖρ’
558 1801 572 1815 ·
602 1774 688 1849 ού
715 1777 844 1869 γὰρ
871 1775 1106 1868 ὀρθοῖς
1132 1774 1423 1867 ὄμμασίν
1463 1776 1529 1847 σ’
1562 1776 1657 1847 ἔτ’
1691 1786 1953 1870 εἰσορῶ,

359 1879 619 1971 ψευδὴς
647 1883 973 1969 γενομένη
1000 1881 1114 1950 καὶ
1140 1877 1439 1949 παθοῦσ’
1474 1877 1729 1962 ἀνάξια.

358 1985 477 2052 καὶ
500 1984 607 2053 σοὶ
637 1979 780 2051 τόδ’
814 1983 994 2051 ἐστὶν
1019 1983 1086 2061 ἐξ
1112 1985 1308 2069 ἐμοῦ·
1352 1980 1555 2050 πόσιν
1580 1982 1657 2050 δὲ
1684 1980 1810 2051 σὸν

363 2093 602 2171 στείχω
628 2082 980 2171 ματεύσων
1004 2088 1220 2153 τῶνδε
1248 2082 1578 2170 δωμάτων
1605 2088 1755 2152 ἔσω.
2039 2102 2145 2156 854

363 2179 420 2254 ω’
446 2183 611 2272 ξέν’,
641 2192 905 2256 Αἰακοῦ
935 2189 1300 2272 γένεθλον,
1328 2199 1599 2273 μεῖνον,
1631 2174 1687 2253 ὦ
1713 2186 1793 2254 σε’
1816 2210 1917 2255 τοι
1944 2188 2139 2275 λέγω,

359 2286 482 2359 τὸν
508 2294 677 2368 θεᾶς
701 2295 961 2377 γεγῶτα
991 2292 1197 2355 παῖδα
1213 2338 1231 2373 ,
1261 2289 1375 2355 καὶ
1402 2288 1477 2356 σὲ
1504 2284 1629 2375 τὴν
1653 2287 1883 2377 Λήδας
1907 2287 2141 2378 κόρην.

356 2397 457 2472 τίς
483 2385 520 2459 ὁ
537 2396 764 2459 καλῶν
778 2388 995 2468 πύλας
1008 2391 1361 2478 παροίξας;
1394 2385 1484 2468 ὥς
1497 2386 1918 2478 τεταρβηκώς
1931 2400 2140 2460 καλεῖ.

355 2496 620 2578 δοῦλος,
653 2487 792 2577 οὐχ.
806 2487 1185 2580 ἁβρύνομαι
1215 2488 1380 2582 τῷδ’
1403 2514 1418 2529 ·
1460 2486 1503 2578 ἡ
1531 2489 1697 2578 τύχη
1727 2488 1857 2580 γὰρ
1885 2487 2013 2561 οὐκ
2044 2497 2137 2584 ἐᾷ.

354 2600 573 2675 τίνος;
604 2592 760 2680 ἐμὸς
786 2593 913 2679 μὲν
937 2586 1098 2677 οὐχί
1109 2614 1123 2628 ·
1164 2595 1371 2683 χωρὶς
1407 2588 1581 2679 τάμὰ
1618 2589 2138 2681 κάγαμέμνονος.

355 2700 560 2782 τῆσδε
613 2701 728 2783 τῆς
780 2692 1113 2783 πάρονθεν
1168 2703 1413 2781 οἴκων,
1490 2692 1853 2782 Τυνδάρεω
1910 2691 2143 2777 δόντος

1041 2792 1307 2884 πατρός.
2035 2812 2144 2868 860

357 2901 675 2985 ἕσταμεν·
733 2892 958 2987 φράζ’,
1029 2906 1097 2966 εἴ
1138 2924 1203 2965 τι
1250 2896 1541 2987 χρῄζεις,
1600 2887 1699 2966 ὦν
1751 2894 1823 2985 μ’
1876 2901 2143 2987 ἐπέσχες

1066 3026 1310 3069 εινεκα.

356 3090 404 3189 ἦ
431 3100 620 3188 μόνω
650 3100 941 3191 παρόντε
969 3105 1137 3189 δῆτα
1162 3097 1383 3169 ταῖσδ’
1416 3102 1778 3189 ἐφέστατον
1810 3101 2087 3186 πύλαις;

359 3198 449 3283 ὥς
462 3200 695 3290 μόνοις
709 3205 925 3292 λέγοις
939 3197 1025 3271 ἄν
1039 3254 1058 3290 ,
1089 3204 1210 3284 ἔξω
1229 3198 1297 3271 δ’
1328 3202 1487 3272 ἐλθὲ
1508 3210 1873 3291 βασιλικῶν
1890 3202 2137 3291 δόμων.

355 3294 412 3372 ὦ
438 3304 605 3392 τύχη
634 3302 920 3394 πρόνοιά
957 3304 1031 3372 θ’
1061 3304 1222 3393 ἡμή,
1255 3306 1516 3374 σω’σαθ’
1552 3300 1671 3385 οῦς
1698 3302 1827 3391 ἐγώ
1856 3308 2060 3374 θέλω.

354 3401 391 3474 ὁ
421 3405 618 3495 λόγος
636 3412 729 3486 εἰς
757 3398 1050 3494 μέλλοντ’
1082 3401 1338 3474 ἆνοίσει
1362 3402 1640 3493 χρόνον·
1675 3412 1806 3492 ἔχει
1836 3402 1901 3473 δ’
1932 3406 2140 3473 ὄκνον

1039 3502 1209 3577 τινά.
2036 3521 2142 3574 865
