2534 3917
378 158 525 246 438'
1112 181 1572 240 φοιΝΙΣΣΑι
2469 0 2480 280 l

609 356 743 418 τῶν
767 345 829 415 τ’
867 352 1155 416 Οἰδίπου
1183 345 1511 434 δύστηνος
1531 343 1913 416 ἀπολαῦσαι
1939 357 2200 438 κακῶν,
2271 371 2398 422 1205

611 446 846 528 παιδὸς
872 453 1253 536 στερηθείς,
1282 454 1363 536 τῇ
1389 449 1578 517 πόλει
1609 448 1734 536 μὲν
1762 445 2079 538 εὐτυχῶς,

614 558 752 642 ἰδία
778 549 853 619 δὲ
887 557 1175 640 λυπρῶς.
1212 546 1358 617 ἀλλ’
1393 545 1644 619 ἄνελθέ
1674 578 1786 637 μοι
1813 551 2038 638 πάλιν,

617 662 687 722 τί
707 650 866 722 τάπὶ
896 651 1155 731 τούτοις
1182 647 1369 720 παῖδ’
1401 649 1534 739 ἐμοὶ
1567 657 1972 740 δρασείετον.

386 763 579 825 ΑΓΓ.
610 763 683 824 ἔα
710 751 791 823 τὰ
818 752 1015 823 λοιπά
1032 775 1047 790 ·
1079 750 1269 843 δεῦρ’
1307 748 1411 820 ἀεὶ
1440 749 1570 843 γὰρ
1597 749 1918 840 εὐτυχεῖς.

384 866 504 926 ΙΟ.
607 852 791 925 τοῦτ’
826 862 919 935 εἰς
946 851 1249 924 ὕποπτον
1278 853 1494 934 εἶπας·
1525 850 1652 923 οὐκ
1681 856 1928 924 έατέον.
2117 927 2130 930 ,
2262 875 2393 926 1210

384 965 576 1027 ΑΓΓ.
608 957 829 1046 μεῖζόν
856 984 918 1024 τι
952 956 1206 1045 χρῄζεις
1232 962 1474 1036 παῖδας
1499 951 1545 1044 ἦ
1569 960 2066 1044 σεσωσμένους;

386 1069 429 1128 Ι
428 1069 503 1128 0.
610 1061 721 1129 καὶ
746 1055 1104 1128 τάπίλοιπά
1129 1054 1195 1144 γ’
1228 1064 1293 1126 εἰ
1315 1065 1533 1139 καλῶς
1558 1059 1830 1146 πράσσω
1857 1057 2116 1127 κλύειν.

386 1167 576 1230 ΑΓΓ.
607 1163 811 1248 μέθες
836 1156 906 1247 μ’
928 1181 943 1196 ·
989 1165 1227 1248 ἕρημος
1255 1175 1410 1240 παῖς
1439 1156 1858 1229 ὑπασπιστοῦ
1887 1163 2115 1228 σέθεν.

385 1272 428 1331 I
428 1271 502 1330 0.
610 1262 819 1331 κακόν
844 1288 909 1329 τι
936 1259 1207 1342 κεύθεις
1235 1263 1349 1330 καὶ
1374 1263 1626 1348 στέγεις
1651 1257 1786 1331 ὑπὸ
1814 1261 2050 1353 σκότῳ.

384 1370 574 1430 ΑΓΓ.
607 1361 733 1434 οὐκ
760 1360 847 1432 ἅν
872 1390 950 1450 γε
976 1358 1227 1451 λέξαιμ’
1262 1359 1371 1432 ἐπ’
1405 1359 1728 1449 ἀγαθοῖσί
1751 1383 1857 1431 σοι
1883 1362 2075 1431 κακά.
2263 1381 2388 1433 1215

386 1472 500 1532 Io.
606 1462 692 1550 ἢν
717 1464 808 1551 μή
834 1491 911 1548 γε
937 1462 1216 1550 φεύγων
1242 1463 1542 1552 ἐκφύγῃς
1568 1461 1733 1554 πρὸς
1759 1466 2021 1552 αἰθέρα.
2163 1456 2172 1462 ’

386 1570 573 1632 ΑΓΓ.
612 1571 758 1632 αἰαῖ
768 1586 781 1600 ·
815 1571 885 1631 τί
902 1560 972 1650 μ’
1012 1559 1139 1630 οὐκ
1168 1572 1392 1643 εἴασας
1419 1568 1485 1646 ἐξ
1513 1561 1880 1652 εὐαγγέλου

618 1665 839 1754 φήμης
868 1661 1213 1751 ἀπελθεῖν,
1243 1661 1412 1735 ἀλλὰ
1439 1673 1730 1754 μηνῦσαι
1763 1666 1970 1748 κακά;

610 1766 701 1837 τω
730 1773 927 1836 παῖδε
955 1763 1045 1835 τω
1074 1763 1171 1835 σω
1203 1769 1550 1854 μέλλετον,
1581 1768 1958 1854 τολμήματα

612 1879 943 1956 αἴσχιστα,
972 1869 1173 1957 χωρὶς
1197 1883 1596 1956 μονομαχεῖν
1621 1866 1867 1948 παντὸς
1893 1877 2208 1958 στρατοῦ,
2258 1888 2386 1941 1220

609 1974 909 2052 λέξαντες
936 1967 1293 2058 Ἀργείοισι
1324 1976 1722 2056 Καδμείοισί
1744 1997 1816 2039 τε

617 2079 708 2152 είς
736 2068 970 2140 κοινὸν
1000 2065 1145 2140 οἷον
1172 2067 1411 2160 μήποτ’
1452 2068 1718 2158 ὄφελον
1745 2071 1967 2158 λόγον.

604 2171 975 2260 Ἐτεοκλέης
1004 2169 1068 2239 δ’
1102 2169 1341 2261 ὑπῆρξ’
1373 2169 1488 2241 ἀπ’
1520 2168 1765 2260 ὀρθίου
1793 2172 2064 2250 σταθεὶς

615 2263 919 2350 πύργου,
956 2262 1276 2342 κελεύσας
1299 2277 1452 2348 σῖγα
1483 2268 1761 2351 κηρῦξαι
1785 2270 2074 2352 στρατῷ·

610 2365 810 2438 [ἔλεξε
834 2358 901 2425 δ’
921 2389 935 2402 ·
990 2353 1046 2426 ὦ
1066 2366 1187 2442 γῆς
1203 2359 1516 2441 Ἑλλάδος
1543 2362 2006 2449 στρατηλάται]
2253 2383 2383 2434 1225

612 2460 909 2520 Δαναῶν
938 2452 1246 2541 ἀριστῆς,
1294 2461 1484 2542 οἵπερ
1509 2455 1744 2544 ἤλθετ’
1771 2458 1986 2525 ένθάδ
1992 2484 2056 2545 ε,

620 2551 997 2638 Κάδμουτε
1023 2555 1216 2640 λαός,
1263 2555 1426 2643 μήτε
1445 2561 1902 2636 Πολυνείκους
1924 2555 2121 2643 χάριν

614 2650 829 2737 ψυχὰς
856 2650 1281 2739 ἀπεμπολᾶτε
1301 2652 1473 2740 μήθ’
1500 2651 1690 2741 ἡμῶν
1712 2652 1908 2741 ὕπερ.

618 2748 747 2835 ἐγώ
772 2750 903 2839 γάρ
934 2749 1137 2832 αὐτὸς
1160 2753 1360 2821 τόνδε
1388 2758 1714 2822 κίνδυνον
1739 2757 1970 2840 μεθεὶς

604 2847 809 2932 μόνος
832 2849 1115 2929 συνάψω
1137 2852 1454 2940 συγγόνῳ
1479 2847 1678 2941 τώμῷ
1699 2853 1916 2937 μάχην
1933 2878 1946 2891 ·
2247 2867 2378 2920 1230

614 2939 742 3009 κᾶν
764 2943 889 3029 μὲν
910 2947 1129 3014 κτάνω
1154 2945 1372 3035 τόνδ’,
1418 2947 1608 3016 οἷκον
1638 2949 1886 3034 οἰκήσω
1910 2945 2148 3031 μόνος,

609 3039 997 3126 ἡσσώμενος
1019 3047 1093 3113 δὲ
1119 3050 1296 3136 τῷδε.
1318 3045 1693 3135 παραδώσω
1718 3045 1987 3128 [πόλιν].

611 3139 803 3227 ὑμεῖς
824 3140 888 3210 δ’
918 3140 1133 3228 ἀγῶν’
1160 3143 1442 3232 ἀφέντες
1463 3145 1743 3234 Ἀργεῑοι
1763 3144 1983 3232 χθόνα

610 3245 957 3327 νίσσεσθε,
996 3248 1227 3330 βίοτον
1250 3241 1340 3329 μὴ
1365 3245 1675 3324 λιπόντες
1697 3243 1970 3371 ἐνθάδε.

2473 3291 2480 3452 ———

619 3463 879 3525 σπαρτῶν
916 3479 974 3515 τε
1008 3461 1143 3524 λαὸς
1184 3459 1306 3524 ἅλις
1343 3457 1406 3524 ὃς
1439 3469 1619 3517 κεῖται
1651 3463 1868 3531 νεκρός.
2249 3469 2370 3520 1235
