<?xml version="1.0" encoding="UTF-8"?>
<!DOCTYPE html PUBLIC "-//W3C//DTD XHTML 1.0 Transitional//EN"
    "http://www.w3.org/TR/xhtml1/DTD/xhtml1-transitional.dtd">
<html xmlns="http://www.w3.org/1999/xhtml" xml:lang="en" lang="en">
 <head>
  <title>
</title>
<meta http-equiv="Content-Type" content="text/html;charset=utf-8" />
  <meta name='ocr-system' content='tesseract 3.04.00' />
  <meta name='ocr-capabilities' content='ocr_page ocr_carea ocr_par ocr_line ocrx_word'/>
</head>
<body>
  <div class='ocr_page' id='page_1' title='image "./evripidistragoe04eurigoog_0064.png"; bbox 0 0 2534 3917; ppageno 0'>
   <div class='ocr_carea' id='block_1_1' title="bbox 199 947 340 1039">
    <p class='ocr_par' dir='ltr' id='par_1_1' title="bbox 199 947 340 1039">
     <span class='ocr_line' id='line_1_1' title="bbox 199 947 340 1039; baseline -0.007 -20"><span class='ocrx_word' id='word_1_1' title='bbox 199 947 340 1039; x_wconf 61' lang='grc' dir='ltr'><strong><em>ξω).</em></strong></span> 
     </span>
    </p>
   </div>
   <div class='ocr_carea' id='block_1_2' title="bbox 209 1366 408 1427">
    <p class='ocr_par' dir='ltr' id='par_1_2' title="bbox 209 1366 408 1427">
     <span class='ocr_line' id='line_1_2' title="bbox 209 1366 408 1427; baseline -0.005 0"><span class='ocrx_word' id='word_1_2' title='bbox 209 1366 408 1427; x_wconf 88' lang='grc' dir='ltr'><strong><em>ΑΓΑ.</em></strong></span> 
     </span>
    </p>
   </div>
   <div class='ocr_carea' id='block_1_3' title="bbox 207 1875 336 1935">
    <p class='ocr_par' dir='ltr' id='par_1_3' title="bbox 207 1875 336 1935">
     <span class='ocr_line' id='line_1_3' title="bbox 207 1875 336 1935; baseline -0.008 0"><span class='ocrx_word' id='word_1_3' title='bbox 207 1875 336 1935; x_wconf 87' lang='grc' dir='ltr'><strong><em>ΠΡ.</em></strong></span> 
     </span>
    </p>
   </div>
   <div class='ocr_carea' id='block_1_4' title="bbox 208 2179 403 2241">
    <p class='ocr_par' dir='ltr' id='par_1_4' title="bbox 208 2179 403 2241">
     <span class='ocr_line' id='line_1_4' title="bbox 208 2179 403 2241; baseline -0.005 0"><span class='ocrx_word' id='word_1_4' title='bbox 208 2179 403 2241; x_wconf 85' lang='grc' dir='ltr'><strong><em>ΑΓΛ.</em></strong></span> 
     </span>
    </p>
   </div>
   <div class='ocr_carea' id='block_1_5' title="bbox 204 2586 400 2646">
    <p class='ocr_par' dir='ltr' id='par_1_5' title="bbox 204 2586 400 2646">
     <span class='ocr_line' id='line_1_5' title="bbox 204 2586 400 2646; baseline 0 -1"><span class='ocrx_word' id='word_1_5' title='bbox 204 2586 400 2646; x_wconf 90' lang='grc' dir='ltr'><em>ΑΓΛ.</em></span> 
     </span>
    </p>
   </div>
   <div class='ocr_carea' id='block_1_6' title="bbox 197 2788 401 2952">
    <p class='ocr_par' dir='ltr' id='par_1_6' title="bbox 197 2788 401 2952">
     <span class='ocr_line' id='line_1_6' title="bbox 199 2788 332 2849; baseline -0.015 1"><span class='ocrx_word' id='word_1_6' title='bbox 199 2788 332 2849; x_wconf 87' lang='grc' dir='ltr'><strong><em>ΠΡ.</em></strong></span> 
     </span>
     <span class='ocr_line' id='line_1_7' title="bbox 197 2890 401 2952; baseline 0.005 -2"><span class='ocrx_word' id='word_1_7' title='bbox 197 2890 401 2952; x_wconf 86' lang='grc' dir='ltr'><strong><em>ΑΓΛ.</em></strong></span> 
     </span>
    </p>
   </div>
   <div class='ocr_carea' id='block_1_7' title="bbox 681 170 1762 231">
    <p class='ocr_par' dir='ltr' id='par_1_7' title="bbox 681 170 1762 231">
     <span class='ocr_line' id='line_1_8' title="bbox 681 170 1762 231; baseline 0.004 -4"><span class='ocrx_word' id='word_1_8' title='bbox 681 170 1138 229; x_wconf 83' lang='grc' dir='ltr'><em>ῙΦΙΓΕΝΕΙΑ</em></span> <span class='ocrx_word' id='word_1_9' title='bbox 1183 170 1247 227; x_wconf 88' lang='grc' dir='ltr'><strong>Η</strong></span> <span class='ocrx_word' id='word_1_10' title='bbox 1289 172 1409 230; x_wconf 87' lang='grc' dir='ltr'><strong><em>ΕΝ</em></strong></span> <span class='ocrx_word' id='word_1_11' title='bbox 1443 171 1762 231; x_wconf 78' lang='grc' dir='ltr'><em>ΑΤΛΙΔΙ</em></span> 
     </span>
    </p>
   </div>
   <div class='ocr_carea' id='block_1_8' title="bbox 433 328 1843 3583">
    <p class='ocr_par' dir='ltr' id='par_1_8' title="bbox 447 328 1305 429">
     <span class='ocr_line' id='line_1_9' title="bbox 447 328 1305 429; baseline 0 -22"><span class='ocrx_word' id='word_1_12' title='bbox 447 340 726 425; x_wconf 85' lang='grc' dir='ltr'><strong><em>δέλτοις,</em></strong></span> <span class='ocrx_word' id='word_1_13' title='bbox 756 328 811 406; x_wconf 71' lang='grc' dir='ltr'><em>ὦ</em></span> <span class='ocrx_word' id='word_1_14' title='bbox 836 336 1064 427; x_wconf 86' lang='grc' dir='ltr'><strong><em>Λήδας</em></strong></span> <span class='ocrx_word' id='word_1_15' title='bbox 1091 345 1305 429; x_wconf 78' lang='grc' dir='ltr'><strong><em>ἔρνος,</em></strong></span> 
     </span>
    </p>

    <p class='ocr_par' dir='ltr' id='par_1_9' title="bbox 439 438 1531 532">
     <span class='ocr_line' id='line_1_10' title="bbox 439 438 1531 532; baseline 0 -21"><span class='ocrx_word' id='word_1_16' title='bbox 439 440 532 530; x_wconf 82' lang='grc' dir='ltr'><strong><em>μὴ</em></strong></span> <span class='ocrx_word' id='word_1_17' title='bbox 560 442 862 511; x_wconf 78' lang='grc' dir='ltr'><strong><em>στέλλειν</em></strong></span> <span class='ocrx_word' id='word_1_18' title='bbox 892 439 1017 510; x_wconf 82' lang='grc' dir='ltr'><strong><em>τάν</em></strong></span> <span class='ocrx_word' id='word_1_19' title='bbox 1043 438 1172 510; x_wconf 77' lang='grc' dir='ltr'><strong><em>σὰν</em></strong></span> <span class='ocrx_word' id='word_1_20' title='bbox 1197 440 1336 511; x_wconf 81' lang='grc' dir='ltr'><strong><em>ἶνιν</em></strong></span> <span class='ocrx_word' id='word_1_21' title='bbox 1364 440 1531 532; x_wconf 84' lang='grc' dir='ltr'><strong><em>πρὸς</em></strong></span> 
     </span>
    </p>

    <p class='ocr_par' dir='ltr' id='par_1_10' title="bbox 443 538 1555 714">
     <span class='ocr_line' id='line_1_11' title="bbox 443 538 1555 631; baseline 0 -20"><span class='ocrx_word' id='word_1_22' title='bbox 443 541 570 613; x_wconf 75' lang='grc' dir='ltr'><strong><em>τὰν</em></strong></span> <span class='ocrx_word' id='word_1_23' title='bbox 596 540 915 630; x_wconf 85' lang='grc' dir='ltr'><strong><em>κολπώδη</em></strong></span> <span class='ocrx_word' id='word_1_24' title='bbox 945 539 1224 631; x_wconf 79' lang='grc' dir='ltr'><strong><em>πτέρυγ’</em></strong></span> <span class='ocrx_word' id='word_1_25' title='bbox 1255 538 1555 631; x_wconf 74' lang='grc' dir='ltr'><strong><em>Εὖβοίας</em></strong></span> 
     </span>
     <span class='ocr_line' id='line_1_12' title="bbox 443 635 1056 714; baseline -0.003 0"><span class='ocrx_word' id='word_1_26' title='bbox 443 635 670 714; x_wconf 77' lang='grc' dir='ltr'><strong><em>Αὖλιν</em></strong></span> <span class='ocrx_word' id='word_1_27' title='bbox 697 640 1056 714; x_wconf 83' lang='grc' dir='ltr'><strong><em>ἀκλύσταν.</em></strong></span> 
     </span>
    </p>

    <p class='ocr_par' dir='ltr' id='par_1_11' title="bbox 447 742 1244 837">
     <span class='ocr_line' id='line_1_13' title="bbox 447 742 1244 837; baseline 0 -22"><span class='ocrx_word' id='word_1_28' title='bbox 447 753 542 825; x_wconf 84' lang='grc' dir='ltr'><strong><em>εἰς</em></strong></span> <span class='ocrx_word' id='word_1_29' title='bbox 569 742 773 827; x_wconf 77' lang='grc' dir='ltr'><strong><em>ἄλλας</em></strong></span> <span class='ocrx_word' id='word_1_30' title='bbox 801 742 979 834; x_wconf 75' lang='grc' dir='ltr'><strong><em>ώρας</em></strong></span> <span class='ocrx_word' id='word_1_31' title='bbox 1003 744 1132 837; x_wconf 78' lang='grc' dir='ltr'><strong><em>γὰρ</em></strong></span> <span class='ocrx_word' id='word_1_32' title='bbox 1160 744 1244 835; x_wconf 80' lang='grc' dir='ltr'><strong><em>δὴ</em></strong></span> 
     </span>
    </p>

    <p class='ocr_par' dir='ltr' id='par_1_12' title="bbox 442 845 1441 937">
     <span class='ocr_line' id='line_1_14' title="bbox 442 845 1441 937; baseline 0 -20"><span class='ocrx_word' id='word_1_33' title='bbox 442 845 682 927; x_wconf 87' lang='grc' dir='ltr'><strong><em>παιδὸς</em></strong></span> <span class='ocrx_word' id='word_1_34' title='bbox 711 852 1030 935; x_wconf 79' lang='grc' dir='ltr'><strong><em>δαίσομεν</em></strong></span> <span class='ocrx_word' id='word_1_35' title='bbox 1056 845 1441 937; x_wconf 79' lang='grc' dir='ltr'><strong><em>ὑμεναίους.</em></strong></span> 
     </span>
    </p>

    <p class='ocr_par' dir='ltr' id='par_1_13' title="bbox 439 946 1723 1143">
     <span class='ocr_line' id='line_1_15' title="bbox 439 946 1723 1041; baseline 0.003 -22"><span class='ocrx_word' id='word_1_36' title='bbox 439 952 555 1019; x_wconf 83' lang='grc' dir='ltr'><strong><em>καὶ</em></strong></span> <span class='ocrx_word' id='word_1_37' title='bbox 582 956 724 1031; x_wconf 77' lang='grc' dir='ltr'><strong><em>πῶς</em></strong></span> <span class='ocrx_word' id='word_1_38' title='bbox 755 946 1052 1039; x_wconf 80' lang='grc' dir='ltr'><strong><em>Ἀχιλεύς</em></strong></span> <span class='ocrx_word' id='word_1_39' title='bbox 1078 952 1378 1041; x_wconf 77' lang='grc' dir='ltr'><strong><em>λέκτρων</em></strong></span> <span class='ocrx_word' id='word_1_40' title='bbox 1404 947 1723 1023; x_wconf 77' lang='grc' dir='ltr'><strong><em>ἀπλακὼν</em></strong></span> 
     </span>
     <span class='ocr_line' id='line_1_16' title="bbox 445 1048 1519 1143; baseline 0.001 -21"><span class='ocrx_word' id='word_1_41' title='bbox 445 1048 532 1122; x_wconf 81' lang='grc' dir='ltr'><strong><em>οὐ</em></strong></span> <span class='ocrx_word' id='word_1_42' title='bbox 558 1054 728 1140; x_wconf 82' lang='grc' dir='ltr'><strong><em>μέγα</em></strong></span> <span class='ocrx_word' id='word_1_43' title='bbox 756 1058 999 1141; x_wconf 74' lang='grc' dir='ltr'><strong><em>φυσῶν</em></strong></span> <span class='ocrx_word' id='word_1_44' title='bbox 1023 1048 1255 1139; x_wconf 79' lang='grc' dir='ltr'><strong><em>θυμὸν</em></strong></span> <span class='ocrx_word' id='word_1_45' title='bbox 1282 1055 1519 1143; x_wconf 79' lang='grc' dir='ltr'><strong><em>ἐπαρεῖ</em></strong></span> 
     </span>
    </p>

    <p class='ocr_par' dir='ltr' id='par_1_14' title="bbox 444 1149 1040 1245">
     <span class='ocr_line' id='line_1_17' title="bbox 444 1149 1040 1245; baseline 0.002 -22"><span class='ocrx_word' id='word_1_46' title='bbox 444 1156 552 1223; x_wconf 77' lang='grc' dir='ltr'><strong><em>σοὶ</em></strong></span> <span class='ocrx_word' id='word_1_47' title='bbox 580 1161 664 1243; x_wconf 79' lang='grc' dir='ltr'><strong><em>σῇ</em></strong></span> <span class='ocrx_word' id='word_1_48' title='bbox 691 1150 755 1222; x_wconf 81' lang='grc' dir='ltr'><strong><em>τ’</em></strong></span> <span class='ocrx_word' id='word_1_49' title='bbox 788 1149 1040 1245; x_wconf 72' lang='grc' dir='ltr'><strong><em>ἀλόχφς</em></strong></span> 
     </span>
    </p>

    <p class='ocr_par' dir='ltr' id='par_1_15' title="bbox 441 1251 1843 1751">
     <span class='ocr_line' id='line_1_18' title="bbox 445 1251 1680 1347; baseline -0.003 -21"><span class='ocrx_word' id='word_1_50' title='bbox 445 1254 601 1326; x_wconf 86' lang='grc' dir='ltr'><strong><em>τόδε</em></strong></span> <span class='ocrx_word' id='word_1_51' title='bbox 628 1258 740 1324; x_wconf 85' lang='grc' dir='ltr'><strong><em>καὶ</em></strong></span> <span class='ocrx_word' id='word_1_52' title='bbox 770 1255 1019 1327; x_wconf 85' lang='grc' dir='ltr'><strong><em>δεινόν.</em></strong></span> <span class='ocrx_word' id='word_1_53' title='bbox 1060 1251 1337 1347; x_wconf 84' lang='grc' dir='ltr'><strong><em>σήμαιν’</em></strong></span> <span class='ocrx_word' id='word_1_54' title='bbox 1372 1251 1412 1323; x_wconf 80' lang='grc' dir='ltr'>ὅ</span> <span class='ocrx_word' id='word_1_55' title='bbox 1438 1284 1500 1325; x_wconf 88' lang='grc' dir='ltr'><strong><em>τι</em></strong></span> <span class='ocrx_word' id='word_1_56' title='bbox 1530 1255 1680 1343; x_wconf 89' lang='grc' dir='ltr'><strong><em>φής.</em></strong></span> 
     </span>
     <span class='ocr_line' id='line_1_19' title="bbox 448 1354 1735 1448; baseline -0.002 -18"><span class='ocrx_word' id='word_1_57' title='bbox 448 1354 671 1446; x_wconf 74' lang='grc' dir='ltr'><strong><em>ὄνομ’,</em></strong></span> <span class='ocrx_word' id='word_1_58' title='bbox 705 1357 832 1428; x_wconf 78' lang='grc' dir='ltr'><strong><em>οὐκ</em></strong></span> <span class='ocrx_word' id='word_1_59' title='bbox 863 1364 1066 1448; x_wconf 81' lang='grc' dir='ltr'><strong><em>ἔργον</em></strong></span> <span class='ocrx_word' id='word_1_60' title='bbox 1093 1359 1405 1446; x_wconf 81' lang='grc' dir='ltr'><strong><em>παρέχων</em></strong></span> <span class='ocrx_word' id='word_1_61' title='bbox 1438 1354 1735 1445; x_wconf 69' lang='grc' dir='ltr'><strong><em>’Λχιλεῦς</em></strong></span> 
     </span>
     <span class='ocr_line' id='line_1_20' title="bbox 443 1453 1843 1550; baseline 0.001 -20"><span class='ocrx_word' id='word_1_62' title='bbox 443 1456 570 1530; x_wconf 78' lang='grc' dir='ltr'><strong><em>οὐκ</em></strong></span> <span class='ocrx_word' id='word_1_63' title='bbox 599 1458 741 1529; x_wconf 83' lang='grc' dir='ltr'><strong><em>οἶδε</em></strong></span> <span class='ocrx_word' id='word_1_64' title='bbox 774 1458 1061 1547; x_wconf 81' lang='grc' dir='ltr'><strong><em>γάμους,</em></strong></span> <span class='ocrx_word' id='word_1_65' title='bbox 1090 1453 1246 1528; x_wconf 79' lang='grc' dir='ltr'><strong><em>οὐδ’</em></strong></span> <span class='ocrx_word' id='word_1_66' title='bbox 1282 1453 1323 1527; x_wconf 80' lang='grc'><strong>3</strong></span> <span class='ocrx_word' id='word_1_67' title='bbox 1348 1486 1411 1528; x_wconf 89' lang='grc' dir='ltr'><strong><em>τι</em></strong></span> <span class='ocrx_word' id='word_1_68' title='bbox 1439 1459 1843 1550; x_wconf 79' lang='grc' dir='ltr'><strong><em>πράσσομεν,</em></strong></span> 
     </span>
     <span class='ocr_line' id='line_1_21' title="bbox 441 1556 1592 1651; baseline -0.002 -20"><span class='ocrx_word' id='word_1_69' title='bbox 441 1556 596 1631; x_wconf 75' lang='grc' dir='ltr'><strong><em>οὐδ’</em></strong></span> <span class='ocrx_word' id='word_1_70' title='bbox 629 1557 731 1629; x_wconf 81' lang='grc' dir='ltr'><strong><em>ὅτι</em></strong></span> <span class='ocrx_word' id='word_1_71' title='bbox 757 1568 962 1651; x_wconf 72' lang='grc' dir='ltr'><strong><em>κείνῳ</em></strong></span> <span class='ocrx_word' id='word_1_72' title='bbox 989 1556 1178 1630; x_wconf 80' lang='grc' dir='ltr'><strong><em>παῖδ’</em></strong></span> <span class='ocrx_word' id='word_1_73' title='bbox 1214 1560 1592 1649; x_wconf 84' lang='grc' dir='ltr'><strong><em>ἐπεφήμισα</em></strong></span> 
     </span>
     <span class='ocr_line' id='line_1_22' title="bbox 441 1658 1302 1751; baseline -0.003 -19"><span class='ocrx_word' id='word_1_74' title='bbox 441 1669 816 1751; x_wconf 83' lang='grc' dir='ltr'><strong><em>νυμφείους</em></strong></span> <span class='ocrx_word' id='word_1_75' title='bbox 850 1670 943 1742; x_wconf 84' lang='grc' dir='ltr'><strong><em>εἰς</em></strong></span> <span class='ocrx_word' id='word_1_76' title='bbox 973 1658 1302 1749; x_wconf 75' lang='grc' dir='ltr'><strong><em>ἀγκώνων</em></strong></span> 
     </span>
    </p>

    <p class='ocr_par' dir='ltr' id='par_1_16' title="bbox 443 1760 1372 1853">
     <span class='ocr_line' id='line_1_23' title="bbox 443 1760 1372 1853; baseline -0.003 -20"><span class='ocrx_word' id='word_1_77' title='bbox 443 1760 646 1843; x_wconf 76' lang='grc' dir='ltr'><strong><em>εὐνὰς</em></strong></span> <span class='ocrx_word' id='word_1_78' title='bbox 673 1761 995 1833; x_wconf 75' lang='grc' dir='ltr'><strong><em>ἐκδώσειν</em></strong></span> <span class='ocrx_word' id='word_1_79' title='bbox 1021 1766 1372 1853; x_wconf 82' lang='grc' dir='ltr'><strong><em>λέκτροις.]</em></strong></span> 
     </span>
    </p>

    <p class='ocr_par' dir='ltr' id='par_1_17' title="bbox 437 1860 1680 2260">
     <span class='ocr_line' id='line_1_24' title="bbox 437 1860 1680 1954; baseline -0.003 -17"><span class='ocrx_word' id='word_1_80' title='bbox 437 1863 627 1937; x_wconf 85' lang='grc' dir='ltr'><strong><em>δεινά</em></strong></span> <span class='ocrx_word' id='word_1_81' title='bbox 647 1860 711 1951; x_wconf 84' lang='grc' dir='ltr'><strong><em>γ’</em></strong></span> <span class='ocrx_word' id='word_1_82' title='bbox 729 1864 1000 1954; x_wconf 79' lang='grc' dir='ltr'><strong><em>ἐτόλμας</em></strong></span> <span class='ocrx_word' id='word_1_83' title='bbox 1015 1917 1034 1952; x_wconf 95' lang='grc'><strong><em>,</em></strong></span> <span class='ocrx_word' id='word_1_84' title='bbox 1057 1861 1471 1954; x_wconf 78' lang='grc' dir='ltr'><strong><em>Ἀγάμεμνον</em></strong></span> <span class='ocrx_word' id='word_1_85' title='bbox 1497 1862 1680 1951; x_wconf 71' lang='grc' dir='ltr'><strong><em>ἅναξ,</em></strong></span> 
     </span>
     <span class='ocr_line' id='line_1_25' title="bbox 442 1962 1632 2061; baseline -0.004 -23"><span class='ocrx_word' id='word_1_86' title='bbox 442 1966 519 2049; x_wconf 79' lang='grc' dir='ltr'><strong><em>ὃς</em></strong></span> <span class='ocrx_word' id='word_1_87' title='bbox 547 1972 642 2061; x_wconf 72' lang='grc' dir='ltr'><strong><em>τῷ</em></strong></span> <span class='ocrx_word' id='word_1_88' title='bbox 670 1975 786 2056; x_wconf 85' lang='grc' dir='ltr'><strong><em>τῆς</em></strong></span> <span class='ocrx_word' id='word_1_89' title='bbox 815 1974 980 2047; x_wconf 82' lang='grc' dir='ltr'><strong><em>θεᾶς</em></strong></span> <span class='ocrx_word' id='word_1_90' title='bbox 1007 1964 1136 2054; x_wconf 85' lang='grc' dir='ltr'><strong><em>σὴν</em></strong></span> <span class='ocrx_word' id='word_1_91' title='bbox 1165 1962 1357 2036; x_wconf 82' lang='grc' dir='ltr'><strong><em>παῖδ’</em></strong></span> <span class='ocrx_word' id='word_1_92' title='bbox 1390 1963 1632 2053; x_wconf 75' lang='grc' dir='ltr'><strong><em>ἄλοχον</em></strong></span> 
     </span>
     <span class='ocr_line' id='line_1_26' title="bbox 442 2060 1574 2161; baseline -0.005 -22"><span class='ocrx_word' id='word_1_93' title='bbox 442 2079 725 2161; x_wconf 84' lang='grc' dir='ltr'><strong><em>φατίσας</em></strong></span> <span class='ocrx_word' id='word_1_94' title='bbox 749 2060 908 2158; x_wconf 81' lang='grc' dir='ltr'><strong><em>ἦγες</em></strong></span> <span class='ocrx_word' id='word_1_95' title='bbox 938 2067 1230 2158; x_wconf 89' lang='grc' dir='ltr'><strong><em>σφάγιον</em></strong></span> <span class='ocrx_word' id='word_1_96' title='bbox 1256 2078 1574 2148; x_wconf 76' lang='grc' dir='ltr'><strong><em>Δαναοῖς.</em></strong></span> 
     </span>
     <span class='ocr_line' id='line_1_27' title="bbox 441 2170 1267 2260; baseline -0.004 -19"><span class='ocrx_word' id='word_1_97' title='bbox 441 2183 654 2260; x_wconf 81' lang='grc' dir='ltr'><strong><em>οἴμοι,</em></strong></span> <span class='ocrx_word' id='word_1_98' title='bbox 685 2170 952 2260; x_wconf 83' lang='grc' dir='ltr'><strong><em>γνώμας</em></strong></span> <span class='ocrx_word' id='word_1_99' title='bbox 981 2174 1267 2257; x_wconf 76' lang='grc' dir='ltr'><strong><em>ἐξέσταν,</em></strong></span> 
     </span>
    </p>

    <p class='ocr_par' dir='ltr' id='par_1_18' title="bbox 437 2268 1300 2360">
     <span class='ocr_line' id='line_1_28' title="bbox 437 2268 1300 2360; baseline -0.003 -17"><span class='ocrx_word' id='word_1_100' title='bbox 437 2280 600 2360; x_wconf 80' lang='grc' dir='ltr'><strong><em>αἰαῖ,</em></strong></span> <span class='ocrx_word' id='word_1_101' title='bbox 635 2281 852 2343; x_wconf 88' lang='grc' dir='ltr'><strong><em>πίπτω</em></strong></span> <span class='ocrx_word' id='word_1_102' title='bbox 882 2268 953 2342; x_wconf 90' lang='grc' dir='ltr'><strong><em>δ’</em></strong></span> <span class='ocrx_word' id='word_1_103' title='bbox 987 2280 1080 2351; x_wconf 84' lang='grc' dir='ltr'><strong><em>εἰς</em></strong></span> <span class='ocrx_word' id='word_1_104' title='bbox 1112 2268 1300 2342; x_wconf 73' lang='grc' dir='ltr'><strong><em>ἄταν.</em></strong></span> 
     </span>
    </p>

    <p class='ocr_par' dir='ltr' id='par_1_19' title="bbox 436 2371 1835 2667">
     <span class='ocr_line' id='line_1_29' title="bbox 439 2371 1657 2467; baseline -0.002 -22"><span class='ocrx_word' id='word_1_105' title='bbox 439 2372 595 2445; x_wconf 86' lang='grc' dir='ltr'><strong><em>ἀλλ’</em></strong></span> <span class='ocrx_word' id='word_1_106' title='bbox 629 2371 733 2445; x_wconf 78' lang='grc' dir='ltr'><strong><em>ἴθ’</em></strong></span> <span class='ocrx_word' id='word_1_107' title='bbox 769 2377 1060 2464; x_wconf 81' lang='grc' dir='ltr'><strong><em>ἐρέσσων</em></strong></span> <span class='ocrx_word' id='word_1_108' title='bbox 1088 2372 1213 2445; x_wconf 85' lang='grc' dir='ltr'><strong><em>σὸν</em></strong></span> <span class='ocrx_word' id='word_1_109' title='bbox 1239 2372 1452 2462; x_wconf 84' lang='grc' dir='ltr'><strong><em>πόδα,</em></strong></span> <span class='ocrx_word' id='word_1_110' title='bbox 1483 2374 1657 2467; x_wconf 74' lang='grc' dir='ltr'><strong><em>γήρα</em></strong></span> 
     </span>
     <span class='ocr_line' id='line_1_30' title="bbox 436 2472 1835 2567; baseline -0.001 -21"><span class='ocrx_word' id='word_1_111' title='bbox 436 2476 650 2565; x_wconf 72' lang='grc' dir='ltr'><strong><em>μηδὲν</em></strong></span> <span class='ocrx_word' id='word_1_112' title='bbox 677 2472 998 2546; x_wconf 73' lang='grc' dir='ltr'><strong><em>ὑπείκων.</em></strong></span> <span class='ocrx_word' id='word_1_113' title='bbox 1026 2483 1166 2544; x_wconf 90' lang='grc' dir='ltr'><strong><em>ΠΡ.</em></strong></span> <span class='ocrx_word' id='word_1_114' title='bbox 1197 2476 1471 2548; x_wconf 81' lang='grc' dir='ltr'><strong><em>σπεύδω</em></strong></span> <span class='ocrx_word' id='word_1_115' title='bbox 1490 2530 1509 2564; x_wconf 91' lang='grc'><strong><em>,</em></strong></span> <span class='ocrx_word' id='word_1_116' title='bbox 1538 2484 1835 2567; x_wconf 85' lang='grc' dir='ltr'><strong><em>βασιλεῦ.</em></strong></span> 
     </span>
     <span class='ocr_line' id='line_1_31' title="bbox 436 2574 1400 2667; baseline 0 -20"><span class='ocrx_word' id='word_1_117' title='bbox 436 2576 532 2667; x_wconf 86' lang='grc' dir='ltr'><strong><em>μή</em></strong></span> <span class='ocrx_word' id='word_1_118' title='bbox 558 2607 691 2649; x_wconf 93' lang='grc' dir='ltr'><strong><em>νυν</em></strong></span> <span class='ocrx_word' id='word_1_119' title='bbox 716 2575 876 2667; x_wconf 81' lang='grc' dir='ltr'><strong><em>μήτ’</em></strong></span> <span class='ocrx_word' id='word_1_120' title='bbox 908 2574 1228 2659; x_wconf 77' lang='grc' dir='ltr'><strong><em>ἀλσώδεις</em></strong></span> <span class='ocrx_word' id='word_1_121' title='bbox 1256 2584 1400 2663; x_wconf 79' lang='grc' dir='ltr'><strong><em>ἵζου</em></strong></span> 
     </span>
    </p>

    <p class='ocr_par' dir='ltr' id='par_1_20' title="bbox 436 2675 1499 2873">
     <span class='ocr_line' id='line_1_32' title="bbox 440 2675 1499 2772; baseline -0.004 -23"><span class='ocrx_word' id='word_1_122' title='bbox 440 2680 712 2769; x_wconf 87' lang='grc' dir='ltr'><strong><em>κρήνας,</em></strong></span> <span class='ocrx_word' id='word_1_123' title='bbox 745 2676 918 2770; x_wconf 85' lang='grc' dir='ltr'><strong><em>μήθ’</em></strong></span> <span class='ocrx_word' id='word_1_124' title='bbox 952 2675 1146 2772; x_wconf 74' lang='grc' dir='ltr'><strong><em>ὕπνῳ</em></strong></span> <span class='ocrx_word' id='word_1_125' title='bbox 1178 2687 1499 2769; x_wconf 79' lang='grc' dir='ltr'><strong><em>θελχθῇς.</em></strong></span> 
     </span>
     <span class='ocr_line' id='line_1_33' title="bbox 436 2778 953 2873; baseline -0.002 -23"><span class='ocrx_word' id='word_1_126' title='bbox 436 2778 707 2871; x_wconf 76' lang='grc' dir='ltr'><strong><em>εὔφημα</em></strong></span> <span class='ocrx_word' id='word_1_127' title='bbox 735 2782 953 2873; x_wconf 82' lang='grc' dir='ltr'><strong><em>θρόει.</em></strong></span> 
     </span>
    </p>

    <p class='ocr_par' dir='ltr' id='par_1_21' title="bbox 433 2878 1671 3382">
     <span class='ocr_line' id='line_1_34' title="bbox 440 2878 1634 2973; baseline -0.002 -20"><span class='ocrx_word' id='word_1_128' title='bbox 440 2883 659 2973; x_wconf 87' lang='grc' dir='ltr'><strong><em>πάντῃ</em></strong></span> <span class='ocrx_word' id='word_1_129' title='bbox 689 2884 765 2954; x_wconf 75' lang='grc' dir='ltr'><strong><em>δὲ</em></strong></span> <span class='ocrx_word' id='word_1_130' title='bbox 791 2882 1006 2972; x_wconf 85' lang='grc' dir='ltr'><strong><em>πόρον</em></strong></span> <span class='ocrx_word' id='word_1_131' title='bbox 1036 2880 1307 2971; x_wconf 85' lang='grc' dir='ltr'><strong><em>σχιστὸν</em></strong></span> <span class='ocrx_word' id='word_1_132' title='bbox 1335 2878 1634 2972; x_wconf 82' lang='grc' dir='ltr'><strong><em>ἀμείβων</em></strong></span> 
     </span>
     <span class='ocr_line' id='line_1_35' title="bbox 434 2984 1671 3075; baseline 0.002 -22"><span class='ocrx_word' id='word_1_133' title='bbox 434 2992 710 3072; x_wconf 83' lang='grc' dir='ltr'><strong><em>λεῦσσε,</em></strong></span> <span class='ocrx_word' id='word_1_134' title='bbox 742 2984 1113 3075; x_wconf 76' lang='grc' dir='ltr'><strong><em>φυλάσσων</em></strong></span> <span class='ocrx_word' id='word_1_135' title='bbox 1138 2984 1232 3072; x_wconf 86' lang='grc' dir='ltr'><strong><em>μή</em></strong></span> <span class='ocrx_word' id='word_1_136' title='bbox 1261 2992 1362 3064; x_wconf 90' lang='grc' dir='ltr'><strong><em>τίς</em></strong></span> <span class='ocrx_word' id='word_1_137' title='bbox 1387 3006 1462 3055; x_wconf 90' lang='grc' dir='ltr'><strong><em>σε</em></strong></span> <span class='ocrx_word' id='word_1_138' title='bbox 1490 2984 1671 3074; x_wconf 80' lang='grc' dir='ltr'><strong><em>λάθῃ</em></strong></span> 
     </span>
     <span class='ocr_line' id='line_1_36' title="bbox 435 3082 1641 3176; baseline 0.001 -21"><span class='ocrx_word' id='word_1_139' title='bbox 435 3095 855 3175; x_wconf 79' lang='grc' dir='ltr'><strong><em>τροχαλοῖσιν</em></strong></span> <span class='ocrx_word' id='word_1_140' title='bbox 883 3082 1060 3173; x_wconf 71' lang='grc' dir='ltr'><strong><em>ὄχοις</em></strong></span> <span class='ocrx_word' id='word_1_141' title='bbox 1089 3090 1641 3176; x_wconf 78' lang='grc' dir='ltr'><strong><em>παραμειψαμένη</em></strong></span> 
     </span>
     <span class='ocr_line' id='line_1_37' title="bbox 438 3184 1551 3278; baseline 0 -21"><span class='ocrx_word' id='word_1_142' title='bbox 438 3194 645 3257; x_wconf 80' lang='grc' dir='ltr'><strong><em>παῖδα</em></strong></span> <span class='ocrx_word' id='word_1_143' title='bbox 674 3185 1015 3276; x_wconf 80' lang='grc' dir='ltr'><strong><em>κομίζουσ’</em></strong></span> <span class='ocrx_word' id='word_1_144' title='bbox 1051 3184 1294 3258; x_wconf 81' lang='grc' dir='ltr'><strong><em>ἐνθάδ’</em></strong></span> <span class='ocrx_word' id='word_1_145' title='bbox 1330 3185 1551 3278; x_wconf 87' lang='grc' dir='ltr'><strong><em>ἀπήνη</em></strong></span> 
     </span>
     <span class='ocr_line' id='line_1_38' title="bbox 433 3290 1139 3382; baseline 0 -24"><span class='ocrx_word' id='word_1_146' title='bbox 433 3296 734 3360; x_wconf 75' lang='grc' dir='ltr'><strong><em>Δαναῶν</em></strong></span> <span class='ocrx_word' id='word_1_147' title='bbox 759 3290 925 3382; x_wconf 86' lang='grc' dir='ltr'><strong><em>πρὸς</em></strong></span> <span class='ocrx_word' id='word_1_148' title='bbox 952 3298 1139 3373; x_wconf 84' lang='grc' dir='ltr'><strong><em>ναῦς.</em></strong></span> 
     </span>
    </p>

    <p class='ocr_par' dir='ltr' id='par_1_22' title="bbox 441 3386 1489 3583">
     <span class='ocr_line' id='line_1_39' title="bbox 441 3386 1489 3484; baseline 0.001 -25"><span class='ocrx_word' id='word_1_149' title='bbox 441 3386 531 3477; x_wconf 77' lang='grc' dir='ltr'><strong><em>ἢν</em></strong></span> <span class='ocrx_word' id='word_1_150' title='bbox 559 3391 687 3484; x_wconf 91' lang='grc' dir='ltr'><strong><em>γάρ</em></strong></span> <span class='ocrx_word' id='word_1_151' title='bbox 719 3420 830 3461; x_wconf 90' lang='grc' dir='ltr'><strong><em>νιν</em></strong></span> <span class='ocrx_word' id='word_1_152' title='bbox 858 3409 1148 3481; x_wconf 80' lang='grc' dir='ltr'><strong><em>πομπαῖς</em></strong></span> <span class='ocrx_word' id='word_1_153' title='bbox 1178 3389 1489 3481; x_wconf 81' lang='grc' dir='ltr'><strong><em>ἀντήσῃς,</em></strong></span> 
     </span>
     <span class='ocr_line' id='line_1_40' title="bbox 441 3490 1482 3583; baseline 0.002 -25"><span class='ocrx_word' id='word_1_154' title='bbox 441 3490 644 3563; x_wconf 87' lang='grc' dir='ltr'><strong><em>πάλιν</em></strong></span> <span class='ocrx_word' id='word_1_155' title='bbox 673 3492 949 3582; x_wconf 81' lang='grc' dir='ltr'><strong><em>ἐξόρμα,</em></strong></span> <span class='ocrx_word' id='word_1_156' title='bbox 981 3512 1118 3564; x_wconf 81' lang='grc' dir='ltr'><strong><em>σεΐε</em></strong></span> <span class='ocrx_word' id='word_1_157' title='bbox 1147 3492 1482 3583; x_wconf 81' lang='grc' dir='ltr'><strong><em>χαλινούς,</em></strong></span> 
     </span>
    </p>
   </div>
   <div class='ocr_carea' id='block_1_9' title="bbox 2120 360 2222 519">
    <p class='ocr_par' dir='ltr' id='par_1_23' title="bbox 2120 360 2222 519">
     <span class='ocr_line' id='line_1_41' title="bbox 2126 360 2221 409; baseline 0 0"><span class='ocrx_word' id='word_1_158' title='bbox 2126 360 2221 409; x_wconf 86' lang='grc'><strong><em>116</em></strong></span> 
     </span>
     <span class='ocr_line' id='line_1_42' title="bbox 2120 464 2222 519; baseline -0.02 0"><span class='ocrx_word' id='word_1_159' title='bbox 2120 464 2222 519; x_wconf 81' lang='lat'><strong><em>119</em></strong></span> 
     </span>
    </p>
   </div>
   <div class='ocr_carea' id='block_1_10' title="bbox 2125 1073 2219 1127">
    <p class='ocr_par' dir='ltr' id='par_1_24' title="bbox 2125 1073 2219 1127">
     <span class='ocr_line' id='line_1_43' title="bbox 2125 1073 2219 1127; baseline 0.011 -1"><span class='ocrx_word' id='word_1_160' title='bbox 2125 1073 2219 1127; x_wconf 73' lang='lat'><strong><em>125</em></strong></span> 
     </span>
    </p>
   </div>
   <div class='ocr_carea' id='block_1_11' title="bbox 2126 1584 2217 1635">
    <p class='ocr_par' dir='ltr' id='par_1_25' title="bbox 2126 1584 2217 1635">
     <span class='ocr_line' id='line_1_44' title="bbox 2126 1584 2217 1635; baseline 0.044 -4"><span class='ocrx_word' id='word_1_161' title='bbox 2126 1585 2139 1631; x_wconf 77' lang='lat'>1</span> <span class='ocrx_word' id='word_1_162' title='bbox 2152 1584 2217 1635; x_wconf 68' lang='lat'><strong><em>30</em></strong></span> 
     </span>
    </p>
   </div>
   <div class='ocr_carea' id='block_1_12' title="bbox 2120 2087 2216 2141">
    <p class='ocr_par' dir='ltr' id='par_1_26' title="bbox 2120 2087 2216 2141">
     <span class='ocr_line' id='line_1_45' title="bbox 2120 2087 2216 2141; baseline 0.01 -2"><span class='ocrx_word' id='word_1_163' title='bbox 2120 2087 2216 2141; x_wconf 85' lang='lat'><strong><em>135</em></strong></span> 
     </span>
    </p>
   </div>
   <div class='ocr_carea' id='block_1_13' title="bbox 2117 2492 2213 2546">
    <p class='ocr_par' dir='ltr' id='par_1_27' title="bbox 2117 2492 2213 2546">
     <span class='ocr_line' id='line_1_46' title="bbox 2117 2492 2213 2546; baseline 0.01 -1"><span class='ocrx_word' id='word_1_164' title='bbox 2117 2492 2213 2546; x_wconf 81' lang='lat'><strong><em>140</em></strong></span> 
     </span>
    </p>
   </div>
   <div class='ocr_carea' id='block_1_14' title="bbox 2116 3005 2213 3057">
    <p class='ocr_par' dir='ltr' id='par_1_28' title="bbox 2116 3005 2213 3057">
     <span class='ocr_line' id='line_1_47' title="bbox 2116 3005 2213 3057; baseline 0.021 -2"><span class='ocrx_word' id='word_1_165' title='bbox 2116 3005 2213 3057; x_wconf 73' lang='lat'><strong><em>145</em></strong></span> 
     </span>
    </p>
   </div>
   <div class='ocr_carea' id='block_1_15' title="bbox 2114 3307 2214 3460">
    <p class='ocr_par' dir='ltr' id='par_1_29' title="bbox 2114 3307 2214 3460">
     <span class='ocr_line' id='line_1_48' title="bbox 2117 3307 2214 3360; baseline 0.01 -1"><span class='ocrx_word' id='word_1_166' title='bbox 2117 3307 2214 3360; x_wconf 80' lang='lat'><strong><em>148</em></strong></span> 
     </span>
     <span class='ocr_line' id='line_1_49' title="bbox 2114 3410 2213 3460; baseline 0.02 -2"><span class='ocrx_word' id='word_1_167' title='bbox 2114 3410 2213 3460; x_wconf 74' lang='lat'><strong><em>150</em></strong></span> 
     </span>
    </p>
   </div>
  </div>
 </body>
</html>
