2534 3917
1156 175 1324 235 mlv
2131 178 2252 242 125

466 338 679 422 ἄλλως
708 343 826 429 ἕδη
857 345 891 380 ⁸'‘
917 347 1043 432 χρῇ
1072 338 1247 429 τάδ’,
1281 349 1345 411 εἰ
1367 339 1534 431 πρὸς
1562 349 1684 411 τοῦ
1715 351 1890 414 θεοῦ
2145 365 2254 420 390

467 442 915 530 κωλυόμεσθα
942 443 1031 532 μὴ
1061 454 1314 532 μαθεῖν
1341 439 1386 513 ἃ
1413 443 1762 533 βούλομαι.

464 541 609 612 ἀλλ’
644 535 700 613 ὦ
726 541 889 632 ξέν’,
922 551 1159 636 εἰσορῶ
1186 544 1316 637 γὰρ
1349 541 1594 636 εὐγενῆ
1626 546 1828 616 πόσιν

456 653 729 723 Ξοῦθον
755 648 959 729 πέλας
986 645 1070 736 δὴ
1098 647 1298 717 τόνδε
1324 646 1440 730 τὰς
1477 656 1882 739 Τροφωνίου

462 747 741 818 λιπόντα
771 748 1080 838 θαλάμας
1098 799 1118 837 ,
1148 748 1308 831 τοὺς
1335 751 1774 840 λελεγμένους
1800 749 2044 838 λόγους

462 857 617 937 σίγα
642 848 812 939 πρὸς
844 846 1082 942 ἄνδρα,
1112 851 1205 940 μή
1230 849 1362 922 τιν’
1394 851 1724 941 αἰσχύνην
1751 851 1936 939 λάβω
2144 871 2252 926 395

466 957 873 1022 διακονοῦσα
902 953 1199 1043 κρυπτά,
1229 951 1493 1046 κάποβῇ
1521 953 1718 1041 λόγος

463 1051 585 1141 οὐχ
614 1044 787 1146 ᾗπερ
821 1051 1013 1143 ἡμεῖς
1041 1052 1253 1126 αὐτὸν
1283 1059 1750 1144 ἐξειλίσσομεν.

463 1154 547 1224 τὰ
572 1153 702 1246 γὰρ
730 1163 1081 1244 γυναικῶν
1112 1163 1405 1247 δυσχερῆ
1434 1156 1602 1248 πρὸς
1628 1155 1935 1248 ἄρσενας,

463 1253 593 1327 κάν
617 1273 761 1339 ταῖς
786 1274 1100 1328 κακαῖσιν
1130 1255 1387 1347 ἁγαθαὶ
1414 1262 1809 1349 μεμιγμέναι

464 1358 830 1449 μισούμεθ’
851 1383 866 1399 ·
896 1357 1075 1431 οὕτω
1105 1368 1458 1450 δυστυχεῖς
1484 1363 1905 1452 πεφύκαμεν.
2141 1379 2250 1434 400

231 1467 429 1540 ΞΟΤ.
460 1468 729 1553 πρῶτον
755 1464 881 1551 μὲν
908 1459 945 1533 ὁ
973 1462 1139 1545 θεὸς
1165 1471 1304 1534 τῶν
1331 1469 1510 1554 έμῶν
1537 1463 2130 1556 προσφθεγμάτων

464 1562 695 1653 λαβών
724 1562 1025 1657 ἀπαρχὰς
1050 1571 1332 1658 χαιρέτω
1350 1620 1368 1654 ,
1399 1567 1486 1638 σύ
1512 1564 1602 1655 τ’,
1631 1559 1686 1637 ὦ
1713 1566 1938 1656 γύναι.

466 1674 614 1755 μῶν
642 1668 909 1757 χρόνιος
937 1668 1164 1739 έλθιόν
1190 1666 1258 1739 σ’
1291 1668 1589 1757 ἐξέπληξ’
1622 1667 1961 1761 όρρωδίᾳ;

230 1780 367 1840 ΚΡ.
467 1766 673 1839 οὐδέν
700 1766 767 1858 γ’
790 1791 805 1806 ·
840 1767 1098 1859 ἀφίκου
1127 1769 1193 1840 δ’
1229 1778 1324 1852 εἰς
1349 1776 1698 1862 μέριμναν.
1731 1767 1900 1840 ἄλλά
1925 1799 2038 1858 μοι

466 1874 688 1960 λέξον,
718 1878 791 1941 τί
812 1871 1133 1963 θέσπισμ’
1165 1877 1239 1943 έκ
1276 1880 1682 1964 Τροφωνίου
1709 1875 1958 1963 φέρεις,
2141 1891 2248 1945 405

467 1979 733 2044 παίδων
764 1969 944 2056 ὅπως
974 1983 1118 2069 νῷν
1146 1977 1406 2066 σπέρμα
1431 1972 2012 2065 συγκραθήσεται;

229 2081 427 2156 ΞΟΤ.
463 2072 589 2146 οὐκ
616 2072 859 2164 ἠξίωσε
885 2084 1009 2148 τοῦ
1036 2084 1209 2148 θεοῦ
1236 2076 1738 2168 προλαμβάνειν

463 2175 887 2268 μαντεύμαθ’
908 2201 923 2216 ·
957 2175 1034 2250 ἓν
1064 2177 1132 2249 δ’
1169 2170 1298 2250 οῦν
1329 2179 1548 2268 εἶπεν,
1579 2175 1706 2250 οὐκ
1735 2175 1986 2248 ἄπαιδά
2011 2206 2094 2266 με

464 2278 630 2371 πρὸς
658 2279 848 2350 οἶκον
874 2277 1061 2371 ἥξειν
1087 2279 1249 2353 οὐδὲ
1281 2279 1345 2352 σ’
1377 2287 1450 2352 ἐκ
1474 2289 1916 2374 χρηστηρίων.

229 2392 368 2453 ΚΡ.
470 2374 523 2450 ὦ
551 2381 791 2454 πότνια
823 2391 1083 2474 Φοίβου
1111 2391 1355 2475 μῆτερ,
1387 2392 1450 2455 εἰ
1474 2384 1602 2477 γὰρ
1632 2391 1865 2465 αἰσίως
2150 2401 2250 2453 410

468 2492 819 2573 ἔλθοιμεν,
855 2481 899 2556 ἅ
925 2515 997 2556 τε
1022 2495 1165 2580 νῷν
1196 2488 1572 2576 συμβόλαια
1600 2487 1906 2577 πρόσθεν
1931 2477 2020 2574 ἦν

468 2590 534 2668 ές
562 2592 768 2656 παῖδα
787 2585 908 2658 τὸν
934 2587 1091 2676 σόν,
1120 2591 1477 2676 μεταπέσοι
1504 2595 1836 2676 βελτίονα.

228 2693 349 2766 ΞΟ
360 2698 430 2756 Τ.
470 2695 650 2758 ἔσται
676 2687 825 2760 τάδ’
847 2713 862 2728 ·
894 2686 1062 2759 ἀλλὰ
1090 2697 1191 2771 τίς
1218 2689 1632 2780 προφητεύει
1659 2693 1865 2769 θεοῦ;

228 2797 432 2861 ΙΩΝ.
462 2787 650 2880 ἡμεῖς
676 2791 759 2860 τά
785 2789 853 2879 γ’
888 2795 1011 2875 ἔξω
1030 2844 1048 2879 ,
1080 2799 1217 2861 τῶν
1246 2798 1375 2861 ἔσω
1404 2786 1471 2861 δ’
1506 2787 1732 2869 ἄλλοις
1757 2791 1964 2877 μέλει,

466 2901 535 2962 οἳ
556 2901 843 2981 πλησίον
869 2894 1203 2965 θάσσουσι
1230 2900 1546 2986 τρίποδος
1563 2946 1581 2981 ,
1612 2882 1667 2962 ὦ
1693 2893 1860 2979 ξένε,
1921 2918 1926 2922 ·
2147 2909 2249 2963 415

466 3001 765 3084 Δελφῶν
796 2991 1100 3085 ἀριστῆς,
1133 2993 1253 3078 οὒς
1285 2998 1666 3088 ἐκλήρωσεν
1692 2993 1916 3075 πάλος.

230 3101 435 3175 ΞΟῬ.
466 3103 715 3177 καλῶς·
752 3105 877 3185 ἔχω
910 3097 995 3186 δὴ
1024 3096 1242 3168 πάνθ’
1281 3093 1462 3168 ὅσων
1490 3097 1866 3189 ἐχρῄζομεν.

468 3195 785 3287 στείχοιμ’
818 3195 905 3270 ἄν
934 3211 1091 3270 εἴσω
1110 3223 1123 3238 ·
1156 3203 1268 3271 καὶ
1300 3201 1448 3289 γάρ,
1482 3198 1572 3282 ὡς
1598 3197 1728 3288 ἐγώ
1757 3197 1965 3287 κλύω,

466 3301 866 3392 χρηστήριον
893 3307 1197 3373 πέπτωκε
1224 3317 1362 3382 τοῖς
1391 3304 1672 3392 ἐπήλυσι

470 3401 705 3473 κοινὸν
740 3401 869 3494 πρὸ
898 3413 1070 3475 ναοῦ
1088 3427 1101 3442 ·
1134 3404 1462 3493 βούλομαι
1489 3402 1554 3474 δ’
1586 3409 1661 3474 ἐν
1683 3401 1901 3495 ἡμέρᾳ
2147 3417 2252 3471 420

468 3501 643 3596 τῇδ’,
674 3512 858 3575 αἰσία
886 3507 1049 3598 γάρ,
1078 3515 1252 3577 θεοῦ
1282 3515 1516 3595 λαβεῖν
1541 3505 1990 3594 μαντεύματα.
