2534 3917
334 176 417 239 28

337 1173 481 1235 XO.

786 178 1250 237 ΙΦΙΓΕΝΕΙΑ
1293 178 1365 233 Η
1402 177 1522 234 ΕΝ
1562 175 1877 235 ΑΤΛΙΔΙ

571 351 636 431 ἐξ
664 343 984 436 ὀμμάτων
1011 342 1296 437 δάμαρτ’
1330 343 1715 415 ἀποστεῖλαι
1744 348 1993 415 θέλων.

571 457 926 540 σοφίζομαι
953 451 1031 519 δὲ
1056 446 1222 519 κάπὶ
1249 464 1423 519 τοῖσι
1451 446 1793 537 φιλτάτοις

571 554 804 641 τέχνας
832 558 1078 643 πορίζω
1097 603 1115 639 ,
1145 557 1449 641 πανταχῇ
1474 548 1866 638 νικώμενος.

575 650 754 743 ὅμως
783 656 860 725 δὲ
887 651 1019 723 σὺν
1045 654 1387 741 Κάλχαντι
1413 659 1510 745 τῷ
1537 650 1869 744 θυηπόλῳ

2258 568 2362 624 745

576 761 771 844 κοινῇ
803 756 877 823 τὸ
918 764 1032 841 τῆς
1066 759 1241 822 θεοῦ
1274 760 1508 838 φίλον,
1554 754 1701 837 ἐμοὶ
1723 752 1789 821 δ’
1815 752 1941 822 οὐκ
1968 754 2264 842 εὐτυχές,

570 858 1013 949 ἐξιστορήσων
1043 856 1213 945 εἶμι,
1243 857 1508 945 μόχθον
1527 853 1860 936 Ἑλλάδος.

566 958 692 1051 χρὴ
724 956 792 1029 δ’
825 963 900 1030 ἐν
929 959 1236 1048 δόμοισιν
1265 955 1483 1051 ἄνδρα
1514 957 1636 1029 τὸν
1664 956 1886 1047 σοφόν
1912 961 2193 1051 τρέφειν

568 1077 858 1151 γυναῖκα
886 1059 1179 1151 χρηστὴν
1206 1058 1542 1150 κάγαθήν,
1570 1055 1616 1150 ἦ
1641 1057 1732 1149 μὴ
1761 1076 2021 1149 γαμεῖν.

576 1160 720 1252 ἥξει
748 1162 833 1254 δὴ
863 1162 1204 1253 Σιμόεντα
1231 1166 1346 1233 καὶ

576 1272 770 1347 δίνας
798 1264 1262 1358 ἀργυροειδεῖς

570 1366 810 1457 ἄγυρις
829 1366 1167 1438 Ἑλλάνων
1194 1375 1503 1459 στρατιᾶς

570 1468 701 1540 ἀνά
727 1496 798 1539 τε
825 1472 1072 1540 ναυσὶν
1101 1472 1216 1539 καὶ
1245 1467 1377 1540 σὺν
1404 1466 1634 1551 ὅπλοις

551 1570 759 1642 Ἴλιον
793 1575 884 1651 εἰς
917 1573 989 1639 τὸ
1033 1580 1275 1660 Τροίας

573 1674 901 1764 Φοιβήιον
929 1674 1248 1762 δάπεδον,

574 1774 699 1846 τάν
724 1776 1136 1869 Κασάνδραν
1165 1774 1257 1846 ’ἶν’
1292 1772 1521 1847 άκούω

573 1882 835 1968 ῥίπτειν
861 1876 1158 1961 ξανθούς
1184 1878 1567 1967 πλοκάμους

570 1981 976 2075 χλωροκόμῳ
1003 1981 1317 2074 στεφάνῳ
1346 1981 1608 2071 δάφνας

571 2095 1064 2174 κοσμηθεῖσαν,
1098 2080 1262 2154 ὅταν
1290 2090 1463 2154 θεοῦ

573 2185 984 2275 μαντόσυνοι
1009 2183 1354 2256 πνεύσωσ’
1387 2183 1694 2274 ἀνάγκαι.

572 2284 927 2359 στάσονται
956 2284 1023 2358 δ’
1056 2289 1164 2357 ἐπὶ
1192 2288 1557 2379 περγάμων

586 2398 827 2481 Τροίας
853 2385 1035 2478 ἀμφί
1054 2417 1126 2460 τε
1153 2397 1337 2479 τείχη

581 2500 835 2583 Τρῶες,
865 2488 1028 2563 ὅταν
1051 2492 1419 2581 χάλκασπις
1438 2491 1645 2584 ”Apus

572 2593 842 2675 πόντιος
871 2591 1284 2689 εὖπρῴροισι
1310 2597 1588 2679 πλάταις

574 2706 826 2792 εἰρεσία
851 2697 1096 2789 πελάζῃ

569 2808 1002 2889 Σιμουντίοις
1035 2797 1307 2889 ὀχετοῖς,

569 2902 693 2973 τὰν
723 2910 860 2972 τῶν
886 2908 961 2973 ἐν
987 2906 1215 2993 αἰθέρι
1243 2909 1498 2974 δισσῶν

567 3004 1013 3097 Διοσκούρων
1030 3002 1303 3075 Ἑλέναν

569 3110 643 3177 ἐκ
668 3107 983 3197 Πριάμου
1011 3116 1284 3197 κομίσαι
1310 3113 1539 3180 θέλων

572 3216 666 3290 εἰς
693 3216 822 3298 γᾶν
839 3206 1122 3281 Ἐλλάδα
1151 3211 1535 3302 δοριπόνοις

518 3368 524 3375 .
567 3307 800 3383 άσπίσι
825 3314 939 3383 καὶ
969 3313 1238 3403 λόγχαις
1259 3311 1563 3403 Ἀχαιῶν.

565 3414 946 3505 [Πέργαμον
972 3415 1048 3488 δὲ
1062 3424 1359 3507 Φρυγῶν
1387 3416 1589 3486 πόλιν

973 3539 1072 3594 751
1098 3538 1290 3608 --‚761
1315 3558 1398 3584 =
1424 3537 1743 3595 τσο-772

2062 1184 2204 1256 στρ.

2066 2284 2209 2358 ἀντ.

2260 1077 2365 1137 750

2260 1589 2362 1645 755
