2534 3917
590 170 1042 244 ΙΦΗἙΝΕῙΑ
1085 187 1151 244 Η
1182 186 1298 244 EN
1343 185 1710 244 ΤΑνΡοιΣ
2049 183 2134 246 89

179 365 279 424 ΟΡ.
366 362 425 425 εἰ
447 355 571 424 σόν
600 351 662 443 γ’
696 351 1032 442 ἀδελφόν,
1066 345 1122 423 ὦ
1148 351 1435 442 τάλαιν’,
1467 350 1816 436 ἀπώλεσας

178 570 265 630 ῙΦ.

141 3016 267 3080 ΧΟ.

362 464 674 546 δαίμονος
704 457 874 548 τύχᾳ
899 457 1102 538 τινός.

360 552 413 629 ὦ
438 563 639 648 μελέα
664 565 893 640 δεινᾶς
921 559 1185 648 τόλμας.
1216 556 1391 629 δείν’
1427 565 1625 629 ἔτλαν

359 660 533 732 δείν’
567 668 796 748 ἔτλαν,
828 658 998 750 ὤμοι
1030 662 1343 751 σύγγονε.
1373 659 1554 751 παρὰ
1583 658 1649 730 δ’
1681 658 1918 750 ὀλίγον
2036 679 2141 734 870

358 762 699 854 ἀπέφυγες
725 761 1021 850 ὄλεθρον
1048 761 1332 834 άνόσιον
1358 766 1422 846 ἐξ
1460 768 1628 852 ἐμᾶν

355 869 655 954 δαϊχθεὶς
678 873 918 956 χερῶν.

354 967 395 1038 ἁ
422 968 486 1040 δ’
519 965 629 1039 ἐπ’
663 966 895 1050 αὐτοῖς
920 978 1020 1050 τίς
1046 969 1358 1053 τελευτάς

353 1079 451 1155 τίς
476 1073 650 1160 τύχα
676 1099 790 1159 μοι
817 1072 1267 1163 συγκυρήσεις

349 1181 499 1244 τίνα
527 1195 642 1244 σοι
672 1173 888 1262 πόρον
917 1170 1250 1264 εὑρομένα
2034 1189 2138 1244 875

350 1277 554 1346 πάλιν
584 1272 717 1345 ἀπὸ
746 1276 1035 1363 πόλεως,
1065 1273 1197 1345 άπὸ
1228 1275 1449 1362 φόνου
1477 1276 1716 1363 πέμψω

347 1375 624 1470 πατρίδ’
663 1382 728 1458 ἐς
752 1375 1083 1467 Ἀργείαν,

346 1483 509 1569 πρὶν
538 1483 651 1550 ἐπὶ
678 1477 869 1568 ξίφος
897 1487 1121 1570 αἵματι
1149 1488 1245 1573 σῷ
2034 1495 2142 1548 880

346 1591 669 1668 πελάσαι;
714 1590 871 1655 τόδε
924 1583 1083 1672 σόν,
1114 1575 1167 1653 ὦ
1192 1585 1396 1671 μελέα
1425 1583 1625 1672 ψυχά,

342 1689 543 1775 χρέος
572 1681 1023 1775 ἀνευρίσκειν.

344 1788 642 1878 πότερον
656 1786 836 1867 ,κατὰ
861 1791 1137 1879 χέρσον,
1166 1785 1320 1875 οὐχὶ
1346 1794 1484 1874 ναΐ,

347 1887 529 1960 ἀλλὰ
555 1896 788 1960 ποδῶν
816 1894 1007 1983 ριπᾷς
2036 1901 2139 1957 885

347 1993 634 2085 θανάτῳ
662 1992 969 2075 πελάσεις
998 1991 1127 2064 ἀνὰ
1154 1993 1464 2083 βάρβαρα
1494 1997 1678 2077 φῦλα

349 2099 467 2164 καὶ
504 2091 599 2164 δι’
631 2091 837 2177 ὁδοὺς
864 2093 1153 2178 ἀνόδους
1179 2102 1492 2182 στείχων·
1540 2089 1652 2162 διὰ
1680 2093 1968 2173 κυανέας
2007 2089 2141 2180 μὴν

344 2196 770 2285 στενοπόρου
799 2200 1043 2287 πέτρας
1070 2196 1292 2288 μακρὰ
1320 2199 1617 2266 κέλευθα
1643 2221 1769 2265 να-
2037 2208 2142 2263 890

347 2305 565 2369 ΐοισιν
593 2305 932 2389 δρασμοῖς.

348 2403 670 2489 τάλαινα,
700 2402 1001 2472 τάλαινα.

350 2511 457 2584 τίς
486 2500 596 2593 ἄρ’
630 2494 794 2591 οὖν,
822 2504 1063 2591 τάλαν,
1093 2499 1137 2591 ἢ
1163 2501 1326 2584 θεὸς
1353 2498 1395 2590 ἢ
1422 2502 1660 2594 βροτὸς
1687 2501 1728 2590 ἢ
2037 2513 2142 2568 895

350 2616 421 2674 τί
449 2612 585 2674 τῶν
613 2603 965 2695 ἀδοκήτων

352 2707 570 2796 πόρον
600 2704 895 2800 εὔπορον
924 2707 1257 2796 ἐξανύσει,

357 2813 560 2879 δυοῖν
590 2799 735 2880 τοῖν
761 2811 1003 2898 μόνοιν
1034 2807 1411 2900 Ἀτρείδαιν

354 2919 586 2982 κακῶν
626 2919 935 2996 ἔκλυσινς

349 3018 427 3083 ἐν
453 3031 622 3085 τοῖσι
650 3026 1102 3105 θαυμαστοῖσι
1130 3016 1244 3084 καὶ
1269 3015 1516 3103 μύθων
1547 3015 1716 3103 πέρα
2037 3026 2142 3081 900

358 3113 506 3185 τάδ’
544 3117 730 3187 εἶδον
758 3115 929 3205 αὐτὴ
958 3113 1085 3187 κού
1114 3113 1400 3188 κλύουσ’
1433 3114 1806 3202 ἀπαγγελῶ.

140 3218 272 3284 ΠΤ.
355 3216 429 3286 τὸ
457 3219 583 3307 μὲν
604 3227 847 3306 φίλους
878 3220 1203 3300 ἐλθόντας
1233 3226 1327 3300 εἰς
1354 3215 1515 3301 ὄψιν
1543 3225 1787 3306 φίλων,

353 3315 661 3408 Ὀρέστα,
689 3330 937 3413 χειρῶν
965 3320 1326 3409 περιβολὰς
1356 3320 1532 3402 εἰκὸς
1559 3327 1824 3408 λαβεῖν·

364 3422 647 3510 λήξαντα
676 3420 741 3491 δ’
776 3434 1023 3493 οἴκτων
1050 3419 1212 3493 κάπ’
1245 3419 1450 3495 ἐκεῖν’
1484 3426 1715 3492 ἐλθεῖν
1739 3420 1980 3508 χρεων,

361 3519 537 3605 ὅπως
564 3523 640 3593 τὸ
669 3524 942 3595 κλεινὸν
971 3523 1186 3613 ὄνομα
1216 3533 1332 3614 τῆς
1358 3532 1688 3615 σωτηρίας
2042 3538 2144 3590 905

47 3847 425 3884 μ-ι,“·.
500 3881 505 3883 .

2468 3409 2476 3447 ³—-
2472 3259 2475 3296 -,,
