2534 3917
165 1389 321 1450 KP.

188 2605 331 2665 XO.

1008 193 1466 254 ΦοΙΝιΣΣΑΙ
1485 177 1488 182 ’
2069 190 2186 254 441

421 363 735 450 τάλανες,
770 359 809 432 ὅ
836 390 900 432 τι
928 363 1089 432 ποτὲ
1113 361 1495 450 μονομάχον
1523 363 1632 432 ἐπὶ
1660 356 1846 451 φρέν’
1879 357 2193 450 ἠλθέτην,

418 473 546 558 βοᾷ
569 465 888 558 βαρβάρῳ
2065 481 2186 534 1³01

420 565 614 655 ἰαχὰν
648 565 1014 636 στενακτὰν

416 672 792 758 μελομέναν
814 683 1079 758 νεκροῖς
1114 666 1403 756 δάκρυσι
1431 665 1774 757 θρηνήσω.

418 769 662 858 σχεδὸν
692 770 859 858 τύχα
885 773 1087 850 πέλας
1114 768 1364 858 φόνου·

420 886 645 962 κρινεῖ
671 873 864 957 ξίφος
888 873 965 938 τὸ
994 871 1263 955 μέλλον.
1791 912 1794 916 1
2062 885 2196 938 1305

422 971 986 1062 πότμοςᾶποτμος
1014 969 1051 1043 ὁ
1079 972 1290 1061 φόνος
1317 969 1498 1042 ἕνεκ’
1533 969 1879 1061 Ἐρινύων.

422 1073 589 1145 ἀλλὰ
617 1075 747 1165 γὰρ
774 1077 1077 1165 Κρέοντα
1105 1075 1368 1144 λεύσσω
1397 1073 1596 1144 τόνδε
1623 1080 1834 1162 δεῦρο
1862 1078 2167 1160 συννεφῆ

420 1176 587 1265 πρὸς
614 1177 865 1267 δόμους
894 1183 1269 1263 στείχοντα,
1305 1176 1540 1245 παύσω
1575 1174 1732 1256 τοὺς
1773 1179 2196 1265 παρεστῶτας

1098 1305 1320 1366 γοους.

412 1390 625 1470 οἴμοι,
657 1385 729 1449 τί
748 1379 1013 1470 δράσως
1042 1375 1273 1469 πότερ’
1305 1377 1595 1467 ἐμαυτὸν
1620 1373 1665 1466 ἦ
1691 1378 1889 1448 πόλιν
2060 1393 2197 1448 1310

418 1484 628 1552 στένω
658 1481 1029 1572 δακρύσας,
1057 1477 1146 1568 ἢν
1172 1483 1360 1570 πέριξ
1392 1487 1526 1568 ἔχει
1551 1483 1758 1569 νέφος

419 1590 727 1655 τοιοῦτον
760 1580 928 1653 ὥστε
956 1579 1051 1652 δι’
1076 1581 1460 1672 Ἀχέροντος
1488 1584 1695 1665 ίέναις

420 1684 573 1772 ε’μός
601 1711 671 1752 τε
700 1683 829 1772 γὰρ
856 1695 1009 1763 παῖς
1035 1691 1155 1772 γῆς
1186 1681 1389 1752 ὄλωλ’
1428 1681 1863 1774 ὑπερθανών,

418 1781 713 1872 τοῦνομα
739 1783 971 1873 λαβὼν
997 1799 1348 1872 γενναῖον,
1380 1781 1662 1870 ἀνιαρὸν
1690 1782 1754 1855 δ’
1787 1788 1940 1872 ἐμοί
1949 1805 1966 1849 .·

420 1883 501 1957 ὃν
528 1883 678 1976 ἄρτι
706 1892 1027 1977 κρημνῶν
1054 1888 1127 1955 ἐκ
1155 1890 1608 1975 δρακοντείων
1633 1884 1808 1955 ἑλών
2068 1901 2197 1954 1315

418 1985 812 2077 αὐτοσφαγῆ
842 1987 1169 2078 δύστηνος
1197 1983 1454 2074 ἐκόμισ’
1486 1991 1561 2056 έν
1587 2003 1835 2077 χεροῖν,

419 2097 550 2182 βοᾷ
577 2089 655 2160 δὲ
680 2095 871 2178 δῶμα
898 2096 1063 2159 πᾶν·
1096 2086 1225 2177 ἐγώ
1255 2085 1320 2158 δ’
1353 2084 1496 2178 ἥκω
1523 2087 1688 2176 μετὰ

419 2195 639 2282 γέρων
667 2188 972 2280 ἀδελφὴν
998 2206 1241 2282 γραῖαν
1265 2187 1633 2278 Ἰοκάστην,
1665 2186 1846 2271 ὅπως

417 2293 631 2383 λούσῃ
659 2299 1003 2383 προθῆταί
1027 2289 1087 2363 τ’
1122 2289 1346 2362 οὐκέτ’
1383 2289 1546 2362 ὄντα
1575 2288 1762 2362 παῖδ’
1797 2291 1980 2380 έμόν.

418 2409 555 2474 τοῖς
580 2392 709 2482 γὰρ
742 2400 1037 2464 θανοῦσι
1062 2393 1187 2484 χρὴ
1216 2392 1338 2464 τὸν
1373 2390 1457 2463 ού
1483 2393 1858 2484 τεθνηκότα
2065 2409 2199 2463 1320

419 2492 613 2583 τιμὰς
640 2493 917 2566 διδόντα
933 2495 1221 2584 χθόνιον
1248 2491 1554 2584 εὐσεβεῖν
1582 2497 1772 2568 θεόν.

418 2592 654 2685 βέβηκ’
687 2593 949 2687 ἀδελφὴ
983 2598 1069 2686 σή
1085 2651 1105 2688 ,
1129 2603 1401 2690 Κρέων,
1423 2604 1544 2684 ἔξω
1569 2601 1797 2689 δόμων

414 2701 707 2786 [κόρητε
733 2700 981 2788 μητρὸς
1004 2701 1350 2791 Ἀντιγόνη
1381 2711 1586 2790 κοινῷ
1615 2708 1820 2792 ποδιΊ.

188 2807 325 2868 KP.
415 2815 535 2870 ποῖ
557 2795 723 2870 κᾶπὶ
748 2806 953 2871 ποίαν
980 2799 1382 2892 συμφοράνς
1412 2800 1701 2897 σήμαινέ
1732 2830 1864 2890 μοι.

192 2909 334 2968 XO.
415 2897 897 2990 ἦκουσετέκνα
925 2903 1280 2994 μονομάχῳ
1306 2905 1576 2991 μέλλειν
1607 2906 1760 2991 δορὶ
2067 2919 2196 2974 1325

422 3009 517 3084 είς
545 3001 776 3075 ἀσπίδ’
809 3001 995 3092 ἥξειν
1019 3011 1388 3093 βασιλικῶν
1417 3005 1647 3094 δόμων
1674 3001 1868 3096 ὕπερ.

90 3144 93 3148 1
192 3111 325 3172 KP.
416 3112 559 3186 πῶς
587 3106 755 3194 φής;
790 3108 1001 3177 νέκυν
1028 3135 1130 3176 τοι
1157 3106 1396 3188 παιδὸς
1423 3104 1780 3195 ἀγαπάζων
1808 3111 1975 3196 ἐμοῦ

421 3203 549 3276 οὐκ
578 3213 673 3288 είς
700 3205 844 3278 τόδ’
881 3199 1100 3297 ἦλθον
1130 3205 1300 3279 ὥστε
1327 3211 1441 3279 καὶ
1468 3207 1615 3278 τάδ’
1639 3213 1924 3279 ἐἰδέναι.

198 3313 332 3376 ΧΟ.
414 3305 562 3377 ἀλλ’
597 3319 843 3397 οἴχεται
870 3310 995 3398 μὲν
1018 3308 1103 3398 σὴ
1138 3311 1504 3398 κασιγνήτη
1531 3310 1766 3381 πάλαι·

422 3415 600 3479 δοκῶ
638 3407 708 3478 δ’
747 3406 977 3499 ἀγῶνα
1005 3408 1124 3480 τὸν
1152 3413 1309 3502 περὶ
1335 3417 1585 3498 ψυχῆς,
1613 3414 1858 3504 Κρέον,
2066 3428 2201 3482 1330

422 3508 552 3600 ἤδη
581 3519 964 3602 πεπρᾶχθαι
992 3515 1181 3582 παισὶ
1208 3527 1422 3582 τοῖσιν
1455 3519 1764 3583 Οἰδίπου.
