2534 3917
261 992 386 1054 ΤΡ.

1071 197 1223 253 ΜΗ
1219 195 1428 252 ΔΕΙΑ

483 377 786 458 φίλοισιν
812 363 1098 435 ἀπέστω.

484 469 653 541 ἀλλὰ
681 469 856 557 βᾶσα
884 496 998 537 νιν

487 579 693 657 δεῦρο
723 571 1064 659 πόρευσον
1091 579 1301 638 οἴκων

485 680 641 762 ἔξω,
677 681 844 762 φίλα
878 674 992 742 καὶ
1017 669 1165 740 τάδ’
1203 666 1414 740 αὔδα·

483 784 784 848 σπεῦσον
820 781 978 862 πρίν
1000 799 1063 842 τι
1089 781 1389 842 κακῶσαι
1414 773 1574 853 τούς
1600 783 1755 842 εἴσω
1771 804 1784 817 ·

487 882 736 958 πένθος
765 874 892 966 γὰρ
924 875 1228 966 μεγάλως
1257 872 1405 946 τόδ’
1440 871 1745 965 ὁρμᾶται.

485 982 710 1071 δράσω
739 976 889 1049 τάδ’
913 1001 928 1016 ·
961 977 1128 1069 ἀτὰρ
1158 978 1373 1066 φόβος
1404 983 1469 1047 εί
1498 985 1710 1048 πείσω

357 1137 364 1148 .
488 1086 852 1153 δέσποιναν
881 1082 1050 1169 ἐμήν
1066 1103 1081 1117 ·

256 3031 398 3092 ΧΟ.

483 1185 746 1274 μόχθου
774 1182 852 1252 δὲ
878 1180 1078 1272 χάριν
1108 1180 1301 1270 τήνδ’
1334 1181 1663 1262 ἐπιδώσω.

465 1283 708 1357 ’καίτοι
735 1285 1017 1365 τοκάδος
1054 1286 1310 1374 δέργμα
1339 1290 1609 1371 λεαίνης

484 1387 984 1477 ἀποταυροῦται
1018 1393 1314 1475 δμωσίν,
1350 1382 1514 1455 ὅταν
1543 1411 1641 1466 τις

486 1497 717 1580 μῦθον
747 1491 1115 1580 προφέρων
1141 1491 1344 1569 πέλας
1371 1484 1663 1577 ὁρμηθῇ.

485 1590 764 1673 σκαιοὺς
789 1591 865 1661 δὲ
893 1593 1112 1680 λέγων
1138 1589 1388 1662 κούδέν
1414 1617 1477 1658 τι
1505 1587 1766 1678 σοφοὺς

486 1694 643 1776 τοὺς
671 1694 934 1786 πρόσθε
962 1691 1251 1783 βροτοὺς
1282 1689 1407 1761 οὐκ
1442 1687 1527 1761 ἂν
1563 1689 1899 1782 ἁμάρτοις,

489 1803 731 1878 οἵτινες
760 1791 1020 1884 ὕμνους
1053 1797 1162 1864 ἐπὶ
1189 1795 1314 1882 μὲν
1345 1801 1619 1873 θαλίαις

485 1904 602 1970 ἐπί
621 1895 681 1968 τ’
717 1904 1089 1977 εἰλαπίναις
1113 1899 1226 1966 καὶ
1253 1892 1436 1986 παρὰ
1466 1900 1765 1977 δείπνοις

485 1998 769 2093 ηὕροντο
797 2008 957 2088 βίου
997 1998 1286 2089 τερπνὰς
1320 1995 1524 2078 ἀκοάς
1545 2020 1558 2033 ·

489 2109 808 2191 στυγίους
836 2103 913 2172 δὲ
947 2109 1215 2191 βροτῶν
1254 2097 1482 2180 οὐδεὶς
1512 2099 1729 2180 λύπας

487 2203 723 2295 ηὕρετο
749 2205 967 2294 μούσῃ
997 2207 1111 2273 καὶ
1140 2203 1584 2294 πολυχόρδοις

487 2303 692 2400 ςὸδαῖς
719 2307 998 2394 παύειν,
1032 2310 1096 2388 ἐξ
1128 2297 1224 2374 ὦν
1251 2306 1539 2375 θάνατοι

488 2416 715 2480 δειναί
740 2438 812 2479 τε
838 2409 1033 2498 τύχαι
1061 2408 1438 2496 σφάλλουσι
1467 2408 1736 2496 δόμους.

491 2519 708 2582 καίτοι
735 2512 894 2581 τάδε
926 2511 1052 2600 μὲν
1078 2513 1313 2601 κέρδος
1345 2507 1659 2580 ἀκεῖσθαι

485 2623 802 2704 μολπαῖσι
828 2612 1144 2705 βροτούς·
1177 2617 1290 2680 ἵνα
1318 2608 1384 2680 δ’
1422 2609 1767 2681 εὕδειπνοι

488 2724 743 2805 δαῖτες,
779 2723 852 2785 τί
869 2716 1087 2803 μάτην
1113 2719 1416 2782 τείνουσι
1443 2711 1650 2801 βοήν;

491 2818 566 2888 τὸ
601 2817 821 2908 παρὸν
849 2817 979 2907 γὰρ
1010 2823 1143 2904 ἔχει
1173 2817 1415 2906 τέρψιν
1442 2811 1564 2903 ἀφ’
1600 2810 1811 2884 αὑτοῦ

489 2920 713 3002 δαιτὸς
743 2919 1068 3012 πλήρωμα
1095 2927 1460 3009 βροτοῖσιν.

486 3023 682 3112 ἰαχὰν
711 3019 864 3092 ἅιον
891 3021 1314 3091 πολύστονον
1341 3019 1548 3108 γόων,

488 3124 734 3216 λιγυρὰ
763 3121 828 3194 δ’
864 3119 1025 3212 ἄχεα
1051 3121 1306 3213 μογερὰ
1333 3130 1463 3215 βοᾷ

487 3227 607 3299 τὸν
636 3232 711 3298 ἐν
737 3231 912 3316 λέχει
942 3225 1284 3317 προδόταν
1318 3223 1793 3312 κακόνυμφον·

491 3339 857 3400 θεοκλυτεῖ
881 3327 946 3399 δ’
980 3327 1182 3398 ἄδικα
1211 3334 1529 3396 παθοῦσα

492 3432 619 3503 τὰν
644 3433 862 3515 Ζανὸς
891 3428 1133 3521 ὁρκίαν
1161 3431 1394 3518 Θέμιν,

493 3531 538 3604 ἅ
572 3564 684 3605 νιν
713 3543 954 3626 ἔβασεν

2149 189 2273 254 201

2174 486 2280 540 180

2175 1097 2279 1152 185

2176 1611 2283 1666 190

2176 2121 2279 2174 195
