2534 3917
354 179 439 242 80
783 177 1245 236 ΙΦΙΓΕΝΕΙΑ
1287 178 1360 233 H
1392 178 1513 236 EN
1562 177 1926 235 ΤΑΤΡΟΙΣ

587 344 687 417 ὅτ’
720 344 847 416 οὐκ
874 342 1119 437 ἄφρων
1147 340 1245 414 ῶν
1271 343 1580 433 μάντεων
1607 347 1916 426 πεισθεὶς
1945 347 2173 436 λόγοις

587 445 844 519 ὄλωλεν
876 445 967 529 ῶς
993 445 1209 519 ὄλωλε
1232 462 1449 516 τοῖσιν
1480 446 1756 516 εἰδόσιν.

355 560 500 623 XO.
582 560 717 640 φεῦ
747 557 882 640 φεῦ
902 573 917 587 ·
948 558 1022 620 τί
1055 546 1123 620 δ’
1155 545 1350 640 ἡμῶν
1377 564 1409 600 *
1437 561 1468 602 ¹*
1500 557 1570 619 οἱ
1597 554 2028 638 γεννήτορες;

584 647 694 744 ἆρ’
732 660 940 737 εἰσίνς
970 644 1082 743 ἆρ’
1115 648 1242 722 οὐκ
1274 659 1411 722 εἰσί
1418 683 1437 736 3
1465 659 1568 732 τίς
1594 652 1920 741 φράσειεν
1949 649 2070 739 ἆνς

354 764 476 826 ΙΦ.
581 751 901 827 ἀκούσατ’
922 779 937 792 ·
976 762 1069 836 εἰς
1097 753 1228 844 γὰρ
1256 754 1343 845 δή
1369 751 1504 824 τιν’
1535 750 1788 842 ἥκομεν
1816 755 2040 844 λόγον,

584 857 749 948 ὑμῖν
775 856 836 928 τ’
868 854 1111 946 ὄνησιν
1138 848 1194 926 ῶ
1220 859 1398 939 ξένοι
1427 854 1794 927 σπεύδουσ’
1827 854 1963 946 ἅμα

586 959 809 1052 κάμοί.
841 959 917 1031 τὸ
948 957 1014 1030 δ’
1052 951 1132 1030 εὖ
1159 960 1446 1048 μάλιστα
1471 966 1670 1029 τοῦτο
1698 968 2020 1049 γίγνεται,

586 1072 650 1135 εἰ
674 1072 836 1134 πᾶσι
864 1059 1113 1134 ταύτὸν
1139 1058 1394 1152 πρᾶγμ’
1427 1058 1847 1152 ἀρεσκόντως
1877 1071 2030 1152 ἔχει.

583 1169 815 1248 θέλοις
841 1163 960 1254 ἄν,
993 1172 1057 1235 εἰ
1082 1165 1381 1254 σῶσαιμί
1399 1161 1490 1251 σ’,
1520 1161 1833 1253 ἀγγεῖλαί
1852 1175 1924 1235 τί
1955 1194 2069 1254 μοι

586 1269 754 1362 πρὸς
774 1266 1020 1360 ’Ἀργος
1049 1266 1276 1338 ἐλθῶν
1301 1283 1440 1348 τοῖς
1468 1269 1647 1356 ἐμοῖς
1673 1271 1818 1337 ἐκεῖ
1839 1277 2085 1357 φίλοις,

585 1376 821 1442 δέλτον
848 1369 910 1439 τ’
943 1375 1265 1458 ἐνεγκεῖν,
1297 1367 1385 1458 ἦν
1414 1397 1514 1450 τις
1540 1376 1873 1460 οἰκτείρας
1903 1371 2018 1459 ἐμὲ

584 1481 881 1564 ἔγραψεν
908 1473 1351 1560 αἰχμάλωτος,
1382 1467 1533 1560 οὐχὶ
1561 1470 1684 1560 τὴν
1714 1472 1882 1561 ἐμὴν

585 1577 798 1664 φονέα
824 1582 1116 1663 νομίζων
1141 1590 1364 1665 χεῖρα,
1394 1582 1514 1645 τοῦ
1541 1575 1757 1663 νόμου
1789 1573 1856 1644 δ’
1887 1573 2026 1646 ὕπο

2300 0 2516 140 -

2104 196 2122 210 ⁴

2271 469 2380 527 5⁷5

2273 983 2381 1037 580

2271 1493 2376 1546 585

586 1677 917 1765 θνήσκειν
943 1699 1110 1766 σφε,
1140 1683 1256 1765 τῆς
1284 1684 1457 1747 θεοῦ
1494 1677 1656 1747 τάδε
1698 1675 1909 1747 δίκαι’
1956 1675 2375 1770 ἡγουμένης;

584 1777 835 1850 οὐδένα
862 1778 992 1870 γὰρ
1024 1779 1204 1868 εἶχον
1231 1775 1413 1861 ὅστις
1440 1781 1764 1866 Ἀργόθεν
1806 1781 2036 1867 μολών

590 1891 684 1979 εἰς
715 1887 949 1974 Ἄργος
976 1873 1183 1964 αὖθις
1210 1880 1329 1964 τὰς
1357 1881 1516 1972 ἐμὰς
1541 1881 1889 1964 ἐπιστολὰς

584 1989 867 2075 πέμψειε
897 1988 1149 2067 σωθεὶς
1177 1993 1317 2055 τῶν
1345 1988 1525 2073 ἐμῶν
1551 1992 1775 2074 φίλων
1802 1993 1955 2056 τινί.

585 2088 672 2158 σύ
705 2086 796 2176 δ’,
832 2088 893 2158 εἷ
915 2089 1078 2177 γάρ,
1110 2082 1199 2168 ῶς
1228 2093 1482 2174 ἔοικας,
1523 2083 1680 2157 οὔτε
1706 2087 2034 2176 δυσγενὴς

584 2191 698 2258 καὶ
723 2189 841 2270 τὰς
871 2189 1208 2279 Μυκήνας
1229 2189 1432 2259 οἶσθα
1457 2185 1620 2277 χοῦς
1645 2186 1830 2279 κάγῶ
1855 2192 2054 2275 θέλω,

584 2291 842 2379 σώθητι
870 2293 985 2361 καὶ
1014 2289 1102 2361 σὺ
1129 2290 1385 2380 μισθὸν
1412 2289 1540 2362 οὐκ
1570 2291 1847 2382 αἰσχρὸν
1873 2290 2096 2381 λαβῶν

584 2392 871 2480 κούφων
901 2397 1085 2464 ἕκατι
1114 2394 1523 2484 γραμμάτων
1548 2404 1909 2484 σωτηρίαν.

585 2486 780 2576 οὗτος
808 2493 899 2584 δ’,
934 2499 1208 2586 ἐπείπερ
1236 2497 1428 2578 πόλις
1456 2493 1810 2586 ἀναγκάζει
1839 2498 2018 2585 τάδε,

584 2605 719 2691 θεᾷ
744 2601 1052 2686 γενέσθω
1081 2606 1274 2689 θῦμα
1299 2603 1664 2690 χωρισθεὶς
1694 2603 1921 2670 σέθεν.

358 2711 489 2772 οΡ.
579 2710 799 2784 καλῶς
830 2710 1053 2787 ἔλεξας
1079 2699 1289 2773 τᾶλλα
1317 2702 1493 2791 πλὴν
1519 2706 1630 2791 ἓν,
1663 2694 1717 2772 ὦ
1743 2705 1932 2791 ξένη·

587 2804 663 2875 τὸ
693 2804 822 2892 γὰρ
851 2813 1194 2893 σφαγῆναι
1223 2802 1410 2874 τόνδ’
1446 2807 1589 2892 ἐμοὶ
1616 2805 1822 2895 βάρος
1848 2807 2040 2893 μέγα.

588 2904 624 2977 ὁ
652 2914 1047 2975 ναυστολῶν
1078 2908 1207 2996 γάρ
1238 2904 1370 2995 εἰμ’
1404 2904 1535 2994 ἐγώ
1562 2907 1680 2989 τὰς
1705 2906 2094 2999 συμφοράς·

587 2997 783 3088 οὗτος
809 3009 886 3078 δὲ
913 3017 1207 3096 συμπλεῖ
1228 3018 1365 3079 τῶν
1394 3013 1573 3098 ἐμῶν
1598 3010 1878 3098 μόχθων
1903 3009 2126 3100 χάριν.

588 3106 844 3181 οὔκουν
872 3116 1138 3180 δίκαιον
1166 3110 1274 3180 ἐπ’
1308 3108 1574 3205 ὀλέθρῳ
1602 3119 1695 3205 τῷ
1723 3109 1915 3182 τοῦδ’
1950 3112 2066 3200 ἐμὲ

582 3212 781 3301 χάριν
808 3220 1130 3282 τίθεσθαι
1159 3211 1415 3285 καύτὸν
1441 3218 1723 3284 ἐκδῦναι
1752 3221 2003 3284 κακῶν.

585 3309 737 3384 ἀλλ’
771 3311 861 3396 ῶς
887 3317 1226 3402 γενέσθω·
1259 3323 1434 3410 τῷδε
1461 3316 1585 3405 μὲν
1615 3321 1850 3387 δέλτον
1878 3322 2102 3404 δίδου,

580 3418 830 3505 πέμψει
857 3416 985 3506 γὰρ
1009 3415 1285 3508 ”Αργος,
1317 3415 1485 3487 ῶστε
1504 3440 1610 3487 σοι
1642 3427 1861 3501 καλῶς
1889 3425 2101 3506 ἔχειν·

581 3515 753 3608 ἡμᾶς
782 3515 849 3590 δ’
882 3516 917 3588 ὁ
946 3520 1206 3610 χρῄζων
1233 3523 1568 3591 κτεινέτω.
1599 3520 1678 3590 τὰ
1706 3529 1844 3592 τῶν
1876 3529 2100 3609 φίλων

2271 2006 2378 2058 590
2511 2073 2514 2136 ἱ

2272 2517 2372 2571 595
