2534 3917
320 181 393 244 78

318 350 446 409 ΟΡ.

313 448 435 508 ΙΦ.

319 545 445 606 ΟΡ.

314 645 436 706 ΙΦ.

72 745 445 808 ’-ΟΡ.

310 845 430 906 ΙΦ.

202 1009 215 1018 x
318 943 446 1004 οΡ.

184 1053 189 1060 ·
309 1039 429 1102 ΙΦ.

78 1107 445 1207 οΡ.

309 1249 428 1310 ΙΦ.

316 1351 447 1412 ΟΡ.

312 1453 431 1514 ΙΦ.

162 1593 167 1598 ·
315 1555 445 1615 οΡ.

164 1749 173 1758 „
238 1715 241 1718 ,
314 1657 430 1748 [φ.

174 1759 205 1824 χ
314 1758 443 1818 οΡ.

312 1859 427 1923 ΙΦ.

313 1962 443 2021 ΟΡ.

311 2063 428 2127 ῙΦ.

313 2166 442 2226 ΟΡ.

307 2268 427 2329 ΙΦ.

186 2405 189 2408 ·
312 2369 441 2430 ΟΡ.

308 2471 426 2533 ΙΦ.

312 2573 441 2634 ΟΡ.

305 2675 424 2736 ΙΦ.

309 2777 439 2837 ΟΡ.

304 2879 425 2940 ΙΦ.

270 2981 475 3042 ΟΡ.-

304 3083 425 3144 ΙΦ.

308 3184 438 3246 ΟΡ.

304 3287 424 3346 ΙΦ.

62 3359 193 3454 ·.
308 3388 437 3448 OP.

306 3488 421 3550 ΙΦ.

744 185 1207 242 ΙΦΙΓΕΝΕΙΛ
1252 185 1320 241 Η
1362 185 1487 243 ΕΝ
1529 185 1894 244 ΤΛΥΡΟΙΣ

536 345 611 409 ἐκ
631 349 769 410 τῶν
794 348 1183 429 Μυκηνῶν,
1206 347 1283 409 αἵ
1301 339 1451 410 ποτ’
1479 335 1654 429 ἦσαν
1677 341 1920 430 ὄλβιαι.
2221 363 2324 416 510

534 439 757 527 φυγὰς
780 438 849 508 δ’
877 437 1139 527 ἀπῆρας
1160 446 1509 529 πατρίδος,
1544 437 1587 527 ἦ
1616 449 1774 530 ποία
1799 442 1999 529 τύχῃς

536 539 771 624 φεύγω
796 538 1051 625 τρόπον
1072 565 1149 623 γε
1175 540 1257 626 δή
1283 537 1414 607 τιν’
1443 536 1568 624 οὐχ
1592 538 1765 606 ἑκών
1789 539 1982 607 ἑκών.
2217 558 2318 610 512

536 640 646 704 καὶ
668 635 802 724 μὴν
824 638 1147 717 ποθεινός
1167 635 1233 723 γ’
1261 631 1470 724 ἦλθες
1495 633 1854 725 ἐξ”.4ργους
1879 636 2125 724 μολών.
2217 657 2324 708 515

537 738 796 808 οὔκουν
818 742 1083 830 ἐμαυτῷ
1103 739 1159 826 γ’
1179 769 1192 782 ·
1221 747 1283 809 εἰ
1309 743 1383 808 δὲ
1405 747 1546 826 σοί,
1575 737 1661 808 σὺ
1687 739 1872 807 τοῦτ’
1901 744 2038 827 ἔρα.
2217 759 2321 808 516

534 830 641 918 ἆρ’
669 837 754 903 ἄν
778 843 847 903 τί
866 863 981 923 μοι
1012 839 1337 924 φράσειας
1359 831 1457 907 οἷν
1478 839 1606 925 ἐγώ
1630 841 1847 920 θέλω-ιη
2217 855 2322 908 513

537 933 627 1016 ὥς
649 941 724 1003 ἐν
747 940 1059 1028 παρέργῳ
1091 946 1207 1026 τῆς
1229 945 1389 1026 ἐμῆς
1415 945 1841 1024 δυσπραξίας.
2227 957 2326 1006 514

542 1041 792 1119 Τροίαν
816 1043 976 1115 ἴσως
998 1033 1205 1123 οἷσθ’,
1232 1029 1312 1123 ἧς
1333 1036 1721 1121 ἁπανταχοῦ
1748 1036 1966 1120 λόγος.
2218 1047 2317 1102 517

540 1133 629 1218 ὥς
656 1132 898 1225 μήποτ’
932 1131 1202 1223 ὤφελόν
1229 1163 1307 1221 γε
1334 1131 1492 1222 μηδ’
1526 1133 1692 1205 ἰδὼν
1721 1131 1909 1223 ὄναρ.

538 1247 749 1327 φασίν
776 1266 888 1308 νιν
914 1234 1136 1308 οὐκέτ’
1170 1227 1384 1306 οὖσαν
1411 1247 1715 1324 οἴχεσθαι
1742 1242 1916 1323 δορί.

540 1349 723 1411 ἔστιν
752 1338 880 1430 γὰρ
912 1336 1127 1419 οὕτως
1154 1334 1304 1408 οὐδ’
1338 1335 1614 1428 ἄκραντ’
1648 1335 1998 1425 ἠκούσατε.
2222 1355 2322 1408 520

526 1441 755 1530 Ἑλένη
786 1438 848 1511 δ’
883 1438 1158 1529 ἀφῖκται
1190 1447 1380 1528 δῶμα
1409 1441 1732 1510 Μενέλεω
1761 1439 1996 1522 πάλιν;

538 1541 722 1633 ἥκει,
753 1550 973 1623 κακῶς
1002 1539 1067 1630 γ’
1103 1545 1403 1612 ἐλθοῦσα
1431 1551 1566 1612 τῶν
1595 1545 1773 1630 ἐμῶν
1801 1569 1955 1611 τινι.

538 1648 651 1715 καὶ
680 1652 813 1715 ποῦ’
849 1641 1015 1727 ’στις
1048 1641 1247 1732 κάμοὶ
1275 1644 1404 1733 γάρ
1434 1674 1495 1714 τι
1529 1652 1926 1733 προυφείλει
1955 1643 2183 1714 κακόν.

533 1748 815 1837 Σπάρτῃ
843 1748 1144 1829 ξυνοικεῖ
1165 1754 1257 1838 τῷ
1290 1747 1498 1834 πάρος
1525 1748 1908 1836 ξυνευνέτῃ.

538 1841 595 1920 οἶ
618 1865 811 1938 μῖσος
841 1845 989 1918 οὖσ’
1019 1855 1377 1938 ‘'El-know),
1423 1851 1548 1918 οὐκ
1597 1855 1741 1936 ἐμοὶ
1783 1854 1974 1939 μόνῃ.
2219 1867 2323 1920 525

535 1949 881 2022 ἀπέλαυσα
907 1948 1091 2039 κάγώ
1123 1950 1208 2040 δή
1234 1978 1299 2020 τι
1327 1957 1462 2019 τῶν
1490 1963 1715 2037 κείνης
1744 1949 1996 2037 γάμων.

533 2054 767 2135 νόστος
797 2050 864 2124 δ’
905 2050 1186 2140 Ἀχαιῶν
1218 2049 1509 2140 ἐγένεθ’,
1542 2049 1630 2132 ὡς
1656 2051 2099 2140 κηρύσσεται;

536 2153 626 2237 ὦς
652 2152 865 2225 πάνθ’
901 2151 1070 2236 ἅπαξ
1099 2181 1181 2242 με
1208 2150 1621 2242 συλλαβοῦσ’
1657 2149 2047 2244 ἀνιστορεῖς.

534 2260 698 2347 πρὶν
725 2256 853 2346 γὰρ
882 2266 1127 2325 θανεῖν
1154 2277 1263 2342 σε,
1294 2253 1486 2325 τοῦδ’
1520 2260 1934 2346 ἐπαυρέσθαι
1972 2259 2169 2326 θέλω.

536 2355 777 2446 ἔλεγχ’,
810 2355 1041 2444 ἐπειδὴ
1070 2355 1262 2427 τοῦδ’
1297 2361 1482 2449 ἐρᾷς·
1518 2363 1682 2441 λέξω
1713 2355 1777 2427 δ’
1814 2357 1960 2447 ἐγώ.
2212 2375 2318 2430 530

534 2460 801 2547 Κάλχας
829 2488 928 2539 τις
955 2449 1129 2547 ἦλθε
1155 2460 1392 2548 μάντις
1420 2463 1492 2529 ἐκ
1532 2469 1772 2549 Τροιάς
1801 2461 2039 2543 πάλιν;

532 2559 821 2651 ὄλωλεν,
854 2558 944 2642 ὥς
969 2553 1057 2650 ἦν
1084 2566 1158 2632 ἐν
1183 2569 1616 2650 Μυκηναίοις
1644 2564 1862 2650 λόγος.

534 2655 591 2734 ὦ
616 2663 861 2755 πότνι’,
892 2661 981 2746 ὡς
1010 2655 1109 2734 εὖ.
1140 2674 1212 2736 τί
1232 2664 1360 2755 γὰρ
1391 2661 1426 2734 ὁ
1453 2669 1755 2754 Λαέρτου
1787 2665 2019 2753 γόνοςς

534 2765 725 2838 οὔπω
752 2764 1102 2854 νενόστηκ’
1135 2767 1360 2855 οἶκον,
1392 2774 1529 2837 ἔστι
1559 2765 1649 2855 δ’,
1681 2762 1770 2848 ὥς
1798 2767 2011 2854 λόγος.

534 2867 791 2957 ὄλοιτο,
820 2869 1066 2940 νόστου.
1093 2867 1337 2958 μήποτ’
1372 2876 1466 2951 εἰς
1496 2869 1756 2959 πάτραν
1782 2869 2024 2956 τυχών.
2219 2886 2322 2942 535

532 2972 742 3060 μηδὲν
771 2969 1099 3058 κατεύχου
1116 2992 1129 3007 ·
1176 2970 1393 3041 πάντα
1422 2969 1739 3043 τάκείνου
1765 2987 1970 3042 νοσεῖ.

534 3076 808 3154 Θέτιδος
836 3070 903 3142 δ’
936 3068 971 3142 ὁ
999 3079 1114 3161 τῆς
1138 3080 1458 3164 Νηρῇδος
1488 3081 1626 3144 ε”στι
1654 3092 1807 3156 παῖς
1837 3081 1968 3156 ἕτι;

532 3172 658 3245 οὐκ
688 3183 868 3246 ἔστιν
886 3197 901 3213 ·
933 3171 1147 3256 ἄλλως
1176 3173 1397 3266 λέκτρ’
1431 3175 1623 3265 ἔγημ’
1663 3181 1738 3246 ἐν
1764 3173 2036 3247 Αὐλίδι.

530 3279 724 3348 δόλια
750 3278 914 3368 γάρ,
951 3279 1040 3359 ὠς
1076 3289 1299 3348 ἴσασιν
1330 3284 1396 3346 οἱ
1426 3281 1860 3358 πεπονθότες.

527 3387 628 3460 τίς
661 3378 724 3448 εἴ
745 3377 949 3463 ποθ’;
981 3375 1072 3460 ὦς
1100 3372 1180 3450 εὖ
1208 3379 1546 3450 πυνθάνει
1576 3378 1737 3469 τάφ’
1774 3378 2104 3460 Ἑλλάδος.
2215 3395 2322 3449 540

529 3484 797 3552 ἐκεῖθέν
828 3489 959 3572 εἰμι
978 3506 992 3519 ·
1022 3499 1177 3564 παῖς
1206 3479 1299 3552 ἔτ’
1335 3471 1487 3551 οὖσ’
1519 3480 1900 3576 ἀπῳχόμην.
