2534 3917
334 166 453 229 146
626 208 634 216 ι
1274 165 1437 223 mlv

330 344 518 406 ΠΑΙ.
562 342 654 415 εἰς
683 331 759 403 ἓν
789 334 864 403 δὲ
890 328 1200 423 κραθέντ’
1233 329 1443 400 αὐτὸν
1470 327 1516 419 ἦ
1542 333 1743 422 χωρὶς
1773 349 2038 422 φορεῖς-ς

334 447 467 508 KP.
558 444 794 524 χωρίς·
826 441 1011 526 κακῷ
1040 431 1170 525 γὰρ
1200 432 1454 503 ἐσθλὸν
1481 431 1564 502 οὐ
1595 441 2071 521 συμμίγνυται.

330 547 522 609 ΠΑΙ.
563 529 617 607 ῶ
646 537 931 627 φιλτάτη
960 551 1111 622 παῖ,
1142 533 1338 605 πάντ’
1375 542 1542 623 ἔχεις
1569 531 1750 604 ὅσων
1778 556 1855 605 σε
1886 542 2010 606 δεῖ.

333 649 468 710 ΚΡ.
559 640 775 731 τούτῳ
801 650 1111 708 θανεῖται
1138 651 1324 716 παῖς·
1355 635 1442 706 σύ
1473 633 1536 705 δ’
1570 633 1606 707 ὅ
1635 644 1922 706 κτείνων
1952 646 2108 708 ἔσει.

333 749 521 811 ΠΑΙ.
560 749 695 811 ποῦ
734 743 848 810 καὶ
876 748 948 809 τί
972 739 1255 830 δράσας;
1296 737 1421 808 σὸν
1463 741 1721 827 λέγειν,
1752 747 2002 827 τολμᾶν
2031 739 2096 810 δ’
2133 745 2320 831 ἐμόν.

343 853 469 913 KP.
562 848 636 914 ἐν
665 859 805 922 ταῖς
836 840 1185 930 Ἀθήναις,
1218 838 1389 928 δῶμ’
1423 837 1587 910 ὅταν
1615 839 1870 930 τούμὸν
1898 842 2088 933 μόλῃ.
2213 863 2345 916 1021

334 954 521 1014 HAI.
561 943 687 1014 οὐκ
719 935 799 1013 εὖ
825 941 970 1014 τόδ’
1008 943 1223 1022 εἶπας·
1256 944 1372 1012 καὶ
1399 941 1486 1012 σὺ
1516 941 1644 1034 γὰρ
1674 939 1927 1030 τούμὸν
1952 948 2201 1033 ψέγεις.

336 1055 470 1116 ΚΡ.
566 1053 740 1129 πῶς;
772 1037 881 1135 ἆρ’
916 1043 1205 1115 ὑπείδου
1233 1042 1434 1114 τοῦθ’
1481 1040 1520 1111 ὃ
1547 1040 1704 1132 κᾶμ’
1743 1046 2114 1132 ἐσέρχεταιξ

338 1155 527 1218 ΠΑΙ.
569 1145 657 1218 σύ
689 1153 897 1217 παῖδα
925 1147 1139 1230 δόξεις
1168 1150 1498 1234 διολέσαι,
1532 1153 1641 1215 κεί
1662 1145 1753 1235 μὴ
1783 1163 2059 1228 κτενεῖς.

341 1259 472 1319 KP.
566 1247 794 1340 ὀρθῶς
812 1273 827 1288 ·
860 1251 1153 1337 φθονεῖν
1180 1249 1310 1339 γάρ
1341 1269 1507 1338 φασι
1536 1247 1860 1338 μητρυιὰς
1891 1252 2167 1331 τέκνοις.
2217 1269 2350 1320 1025

338 1359 525 1420 HAI.
570 1349 781 1420 αὐτοῦ
811 1379 944 1420 νυν
972 1349 1184 1422 αὐτὸν
1210 1348 1448 1438 κτεῖν’,
1481 1348 1579 1420 ἵν’
1616 1348 1896 1439 ἀρνήσει
1924 1351 2199 1439 φόνους.

340 1462 473 1522 ΚΡ.
570 1453 981 1540 προλάζυμαι
1010 1460 1180 1540 γοῦν
1206 1459 1300 1542 τῷ
1327 1451 1547 1544 χρόνῳ
1575 1459 1690 1541 τῆς
1718 1449 1988 1539 ἡδονῆς.
2077 1469 2088 1476 ’

346 1562 525 1624 ΠΑΙ.
570 1555 683 1622 καὶ
711 1554 834 1623 σόν
863 1582 940 1640 γε
967 1555 1190 1641 λήσεις
1217 1553 1418 1624 πόσιν
1446 1551 1489 1622 δι’
1515 1576 1590 1623 σε
1618 1553 1898 1623 σπεύδει
1927 1563 2187 1624 λαθεῖν.

340 1664 474 1724 ΚΡ.
566 1652 749 1724 οἷσθ’
784 1647 914 1724 οὖν
942 1650 980 1725 ὃ
1010 1661 1297 1745 δρᾶσον;
1325 1654 1544 1746 χειρὸς
1571 1659 1636 1738 ἐξ
1671 1659 1829 1744 ἐμῆς
1860 1654 2088 1743 λαβῶν

569 1753 867 1847 χρύσωμ’
896 1755 1183 1838 Ἀθάνας
1210 1757 1398 1844 τόδε,
1429 1755 1719 1827 παλαιὸν
1745 1754 2062 1847 ὄργανον,
2213 1777 2356 1830 1030

572 1858 797 1928 έλθῶν
822 1858 915 1928 ’ἵν’
948 1857 1109 1947 ἡμῖν
1133 1866 1471 1947 βουθυτεῖ
1494 1859 1720 1951 λάθρᾳ
1747 1859 1958 1945 πόσις,

574 1966 871 2031 δείπνων
900 1958 1062 2031 ὅταν
1086 1961 1340 2050 ’λήγωσι
1368 1963 1480 2030 καὶ
1509 1959 1801 2041 σπονδὰς
1828 1972 2015 2042 θεοῖς

572 2066 859 2150 μέλλωσι
886 2071 1173 2153 λείβειν,
1202 2067 1280 2133 έν
1306 2069 1577 2144 πέπλοις
1603 2069 1774 2150 ἔχων
1802 2063 1953 2132 τόδε

573 2165 781 2244 κάθες
806 2163 1038 2252 βαλῶν
1067 2171 1161 2244 είς
1188 2171 1386 2252 πῶμα
1412 2171 1504 2256 τῷ
1533 2172 1792 2256 νεανία,

570 2265 742 2357 [ἰδίᾳ
758 2268 855 2352 δέ,
878 2266 969 2354 μή
996 2291 1059 2334 τι
1085 2270 1281 2354 πᾶσι,
1311 2272 1600 2355 χωρίσας
1627 2265 1862 2356 ποτὸν]
2213 2281 2352 2336 1035

571 2371 665 2456 τῷ
692 2371 829 2434 τῶν
857 2370 1037 2453 ἐμῶν
1069 2370 1377 2455 μέλλοντι
1405 2367 1751 2452 δεσπόζειν
1787 2367 2034 2456 δόμων.

576 2463 831 2557 κᾶνπερ
862 2468 1102 2558 διέλθῃ
1134 2469 1409 2557 λαιμόν,
1440 2465 1692 2538 οὔποθ’
1737 2473 1944 2552 ἵξεται

573 2567 840 2649 κλεινὰς
874 2566 1195 2659 Ἀθήνας,
1224 2569 1589 2640 κατθανών
1616 2567 1683 2641 δ’
1717 2569 1930 2641 αὐτοῦ
1959 2585 2167 2659 μενεῖ.

344 2682 528 2743 ΠΑΙ.
568 2671 654 2741 σὺ
683 2675 807 2760 μέν
833 2701 966 2742 νυν
994 2682 1151 2742 εἴσω
1180 2675 1524 2764 προξένων
1550 2674 1753 2761 μέθες
1783 2673 1954 2743 πόδα
1973 2695 1986 2710 ·

574 2771 762 2862 ἡμεῖς
798 2771 863 2842 δ’
903 2771 1016 2862 ἐφ’
1056 2766 1113 2865 ᾦ
1140 2770 1495 2862 τετάγμεθ’
1537 2767 2012 2863 ἐκπονήσομεν.
2214 2791 2361 2844 1040

578 2873 714 2962 ἄγ’,
746 2866 802 2943 ῶ
828 2875 1056 2966 γεραιὲ
1083 2875 1285 2965 πούς,
1315 2882 1587 2957 νεανίας
1615 2885 1821 2966 γενοῦ

573 2983 859 3065 ἔργοισι,
889 2982 997 3045 κεί
1020 2973 1111 3065 μὴ
1139 2983 1231 3070 τῷ
1257 2977 1478 3070 χρόνῳ
1506 2977 1789 3068 πάρεστί
1811 2998 1938 3048 σοι.

490 3085 501 3092 ’
575 3075 825 3165 ἐχθρὸν
854 3073 919 3146 δ’
953 3074 1058 3147 ἐπ’
1093 3074 1312 3167 ἄνδρα
1339 3093 1555 3166 στεῖχε
1582 3085 1932 3150 δεσποτῶν
1958 3082 2141 3168 μέτα,

574 3182 686 3248 καὶ
715 3179 1101 3267 συμφόνευε
1130 3182 1244 3249 καὶ
1271 3183 1648 3269 συνεξαίρει
1677 3183 1925 3270 δόμων.

576 3280 699 3369 τὴν
727 3277 792 3350 δ’
828 3277 1176 3370 εὐσέβειαν
1206 3278 1565 3370 εὐτυχοῦσι
1590 3283 1714 3370 μὲν
1741 3281 1952 3353 καλὸν
2217 3299 2354 3351 1045

574 3388 803 3469 τιμᾶν·
836 3378 1000 3452 ὅταν
1031 3383 1108 3452 δὲ
1136 3391 1497 3471 πολεμίους
1527 3389 1767 3474 δρᾶσαι
1795 3391 2017 3465 κακῶς

576 3485 745 3572 θέλῃ
773 3511 905 3572 τις,
936 3479 1161 3567 οὐδεὶς
1190 3483 1501 3573 ἐμποδῶν
1528 3501 1740 3555 κεῖται
1767 3484 1987 3573 νόμος.
