2534 3917
695 190 1152 252 ΙΦΙΓΕΝΕΙΑ
1187 194 1261 253 H
1291 196 1415 253 EN
1448 196 1765 255 AYAIAI
2154 192 2233 258 27

229 367 423 433 ΑΓΛ.
453 361 726 432 τοιόσδε
751 361 992 441 παιδὸς
1020 369 1142 449 σῆς
1171 359 1345 451 ἀνὴρ
1374 370 1556 432 ἔσται
1584 363 1795 443 πόσις.

230 471 361 534 ΚΛ.
445 460 531 532 οῦ
563 460 876 551 μεμπτός.
906 469 1081 533 οἰκεῖ
1103 460 1168 532 δ’
1201 460 1370 534 ἄστυ
1396 479 1595 535 ποῖον
1612 461 1921 545 Ἑλλάδος
1938 495 1957 548 ;

230 571 424 634 ΑΓΛ.
449 562 816 636 Ἀπιδανὸν
843 562 1017 653 ἀμφὶ
1044 564 1342 654 ποταμὸν
1369 568 1442 635 ἐν
1470 573 1693 647 Φθίας
1722 563 1921 655 ὅροις.

231 675 362 735 ΚΛ.
449 664 655 736 ἐκεῖσ’
690 664 960 748 ἀπάξεις
988 663 1116 755 σὴυ
1143 668 1311 755 ἐμήν
1338 694 1410 737 τε
1438 670 1824 757 παρθένους

229 774 422 839 ΑΓΛ.
456 776 662 859 κείνῳ
689 768 961 857 μελήσει
987 775 1194 837 ταῦτα
1221 775 1314 862 τῷ
1342 771 1744 860 κεκτημένῳ.
2134 782 2236 839 715

229 878 361 939 ΚΛ.
447 866 598 938 ἀλλ’
634 866 1048 958 εὐτυχοίτην.
1080 878 1216 941 τίνι
1243 865 1315 940 δ’
1348 875 1422 940 ἐν
1450 868 1665 961 ἡμέρᾳ
1692 885 1927 959 γαμεῖς

225 977 426 1041 ΑΓΑ.
460 967 624 1040 ὅταν
651 972 934 1062 σελήνης
963 968 1246 1061 εὐτυχὴς
1273 980 1442 1063 ἔλθῃ
1470 972 1735 1052 κύκλος.

226 1078 363 1141 ΚΛ.
449 1076 801 1161 προτέλεια
833 1070 903 1141 δ’
937 1071 1068 1161 ἤδη
1097 1073 1339 1153 παιδὸς
1366 1077 1654 1161 ἔσφαξας
1680 1080 1849 1163 θεᾷ;

225 1180 424 1243 ΑΓΛ.
459 1175 680 1261 μέλλω
699 1197 713 1211 ·
739 1172 839 1245 ’πὶ
866 1176 1074 1264 ταύτῃ
1105 1177 1217 1243 καὶ
1243 1178 1666 1261 καθέσταμεν
1693 1177 1880 1262 τύχῃ.

227 1281 365 1343 KA.
447 1271 729 1345 κᾶπειτα
758 1282 1010 1356 δαίσεις
1038 1273 1196 1356 τοῦς
1222 1275 1477 1365 γάμους
1506 1279 1572 1355 ἐς
1598 1272 1920 1363 ῦστερον;
2129 1290 2237 1345 720

225 1384 425 1446 ΑΓΛ.
458 1374 680 1457 θύσας
705 1406 783 1465 γε
811 1375 1082 1465 θύμαθ’
1119 1373 1244 1466 ἁμὲ
1268 1375 1393 1467 χρὴ
1423 1384 1637 1448 θῦσαι
1662 1388 1869 1456 θεοῖς.

157 1494 162 1499 “
225 1484 364 1547 ΚΛ.
444 1474 638 1566 ἡμεῖς
666 1480 742 1548 δὲ
766 1487 1018 1567 θοίνην
1043 1486 1180 1549 ποῦ
1203 1482 1470 1568 γυναιξὶ
1496 1479 1833 1569 θήσομεν;

223 1585 426 1648 ΑΓΛ.
458 1580 709 1650 ἐνθάδε
737 1578 896 1669 παρ’
933 1578 1419 1672 εὐπρύμνοισιν
1444 1577 1767 1670 Ἀργείων
1798 1579 2100 1658 πλάταις.

225 1688 364 1750 ΚΛ.
448 1687 667 1760 καλῶς
695 1679 1075 1769 ἀναγκαίως
1100 1705 1206 1751 τε·
1239 1685 1635 1770 συνενέγκοι
1667 1679 1732 1751 δ’
1767 1677 1965 1768 ὁμῶς.

221 1788 427 1851 ΑΓΑ.
459 1779 646 1851 οἶσθ’
681 1774 809 1851 οῦν
839 1779 878 1852 δ’
908 1787 1193 1873 δρᾶσον,
1225 1776 1282 1853 ὦ
1307 1784 1545 1872 γύναι;
1575 1791 1789 1853 πιθοῦ
1817 1785 1899 1850 δέ
1918 1809 2049 1869 μοι.
2129 1794 2233 1852 725

221 1891 364 1953 ΚΛ.
447 1892 518 1953 τί
537 1892 792 1974 χρῆμα;
821 1893 1186 1955 πείθεσθαι
1213 1883 1340 1975 γὰρ
1370 1895 1669 1972 εἴθισμαι
1696 1887 1921 1953 σέθεν.

222 1992 427 2055 ΑΓΛ.
457 1983 648 2074 ἡμεῖς
675 1987 801 2075 μὲν
829 1984 1068 2057 ἐνθάδ’
1092 2039 1111 2074 ,
1141 1977 1353 2075 οὗπέρ
1382 1982 1535 2055 ἐσθ’
1568 1982 1603 2054 ὁ
1634 1992 1949 2073 νυμφίος,

223 2095 367 2157 ΚΛ.
448 2086 696 2177 μητρὸς
722 2096 795 2156 τί
811 2090 1015 2179 χωρὶς
1045 2085 1357 2178 δράσεθ’,
1387 2085 1513 2175 ἁμὲ
1538 2092 1712 2177 δρᾶν
1738 2085 1997 2175 χρεώνς

223 2196 426 2258 ΑΓΛ.
460 2188 842 2277 ἐκδώσομεν
869 2188 999 2279 σὴν
1023 2197 1232 2260 παῖδα
1259 2194 1628 2259 Δαναϊδῶν
1654 2191 1835 2275 μέτα.

224 2298 364 2359 ΚΛ.
448 2288 620 2379 ἡμᾶς
649 2291 724 2359 δὲ
750 2298 884 2361 ποῦ
911 2288 1038 2381 χρὴ
1067 2300 1434 2380 τηνικαῦτα
1460 2289 1855 2379 τυγχάνειν;
2131 2304 2237 2359 730

223 2398 426 2460 ΑΓΛ.
456 2392 661 2481 χώρει
689 2390 857 2482 πρὸς
878 2390 1122 2483 ’Ἄργος
1150 2397 1539 2483 παρθένους
1564 2420 1635 2463 τε
1674 2394 1960 2481 τημέλει.

231 2500 364 2563 ΚΛ.
445 2502 732 2563 λιποῦσα
760 2501 1002 2576 παῖδας
1031 2502 1129 2576 τίς
1158 2491 1225 2565 δ’
1257 2492 1614 2585 ἀνασχήσει
1642 2494 1900 2583 φλόγας

225 2602 426 2663 ΑΓΛ.
459 2594 589 2681 ἐγώ
621 2598 880 2685 παρέξω
911 2603 1057 2685 φῶς
1087 2592 1128 2666 δ’
1153 2604 1478 2685 νυμφίοις
1506 2600 1763 2685 πρέπει.

225 2704 362 2764 ΚΛ.
446 2695 573 2784 οὐχ
600 2694 636 2766 ὁ
663 2696 869 2784 νόμος
896 2688 1125 2785 οὗτος,
1156 2694 1243 2768 σύ
1292 2699 1367 2766 δὲ
1396 2693 1606 2785 φαῦλ’
1640 2693 1795 2784 ἡγεῖ
1818 2694 1997 2763 τάδε.

224 2796 536 2868 ΑΓΛ.οὕ
569 2795 781 2868 καλὸν
809 2802 885 2867 ἐν
915 2794 1093 2891 ὅχλω
1120 2796 1183 2869 σ’
1221 2802 1672 2886 ἐξομιλεῖσθαι
1699 2802 2005 2887 στρατοῦ.
2129 2811 2231 2866 735

226 2906 362 2968 KA.
444 2898 656 2970 καλὸν
682 2908 1011 2970 τεκοῦσαν
1038 2898 1210 2989 τάμά
1237 2898 1311 2989 μ’
1345 2904 1663 2970 ἐκδοῦναι
1691 2902 1911 2968 τέκνα.

223 3008 423 3071 ΑΓΛ.
454 3004 570 3071 καὶ
595 3000 712 3081 τάς
741 3031 786 3089 γ
795 2999 920 3070 ’ἐν
947 3013 1111 3096 οἴκω
1139 3001 1228 3091 μὴ
1257 2999 1469 3091 μόνας
1498 3000 1673 3072 εἶναι
1699 3001 1922 3091 κόρας.

221 3110 361 3172 ΚΛ.
440 3100 744 3193 ὀχυροῖσι
771 3113 1162 3194 παρθενωσι
1190 3112 1655 3195 φρουροῦνται
1680 3110 1919 3182 καλῶς.

221 3212 423 3275 ΑΓΛ.
457 3213 693 3275 πιθοῦ.
723 3212 868 3274 ΚΛ.
897 3206 989 3294 μὰ
1014 3205 1138 3295 τὴν
1165 3202 1466 3277 ανασσαν
1485 3202 1796 3295 Ἀργείαν
1822 3204 2018 3273 θεάν.

450 3304 678 3389 ἐλθών
705 3305 791 3376 σῦ
819 3304 990 3390 τᾶξω
1021 3316 1308 3398 πρᾶσσε,
1338 3303 1462 3376 τάν
1491 3306 1721 3394 δόμοις
1751 3303 1820 3374 δ’
1856 3304 2009 3393 ἐγώ,
2132 3318 2237 3374 ⁴740

449 3406 492 3479 ἃ
516 3408 643 3498 χρὴ
673 3423 986 3498 παρεῖναι
1013 3418 1367 3499 νυμφίοισι
1397 3411 1783 3499 παρθένοις.

225 3516 423 3578 ΑΓΑ.
453 3522 663 3597 οἴμοι·
693 3509 911 3602 μάτην
938 3501 1069 3600 ᾖξ’,
1099 3516 1368 3589 ἐλπίδος
1397 3508 1461 3578 δ’
1496 3506 1915 3594 ἀπεσφάλην,
