2534 3917
269 364 401 424 ΟΡ.

271 568 401 629 ΟΡ.

267 670 424 732 ΜΕ.

272 773 401 834 ΟΡ.

267 875 426 935 ME.

271 977 401 1037 ΟΡ.

265 1080 424 1141 ME.

274 1182 403 1242 ΟΡ.

272 1284 427 1346 ΜΕ.

272 1386 403 1446 ΟΡ.

267 1489 426 1549 ME.

271 1591 404 1651 ΟΡ.

267 1694 426 1755 ΜΕ.

273 1796 402 1857 ΟΡ.

267 1898 424 1960 ΜΕ.

243 2006 246 2009 ’
273 2001 402 2062 ΟΡ.

266 2104 425 2165 ME.

269 2206 401 2266 ΟΡ.

268 2308 425 2369 ΜΕ.

274 2411 402 2471 ΟΡ.

267 2514 424 2573 ΜΕ.

272 2616 400 2675 ΟΡ.

267 2718 426 2779 ΜΕ.

272 2821 402 2880 ΟΡ.

267 2923 426 2983 ME.

276 3024 403 3085 ΟΡ.

267 3128 426 3189 ΜΕ.

271 3230 402 3289 ΟΡ.

267 3333 424 3393 ΜΕ.

273 3436 402 3495 ΟΡ.

1109 186 1497 244 ΟΡΕΣΤΗΣ
2168 182 2291 247 261

495 356 732 441 σεμναὶ
762 354 918 443 γάρ·
956 350 1369 424 εὐπαίδευτα
1399 350 1466 423 δ’
1503 350 1865 441 ἀποτρέπει
1895 358 2139 442 λέγειν.
2188 374 2293 425 410

492 447 703 526 αὗταί
723 477 800 525 σε
827 456 1237 544 βακχεύουσι
1267 472 1591 545 συγγενεῖ
1614 457 1841 548 φόνῳς

493 569 673 647 οἴμοι
702 564 1054 646 διωγμῶν,
1085 553 1184 638 οἷς
1213 558 1578 646 ἐλαύνομαι
1607 558 1824 639 τάλας.

493 658 576 730 οὐ
607 659 801 730 δεινὰ
829 661 1108 748 πάσχειν
1138 660 1331 730 δεινὰ
1356 659 1514 741 τοὺς
1544 664 2042 751 εἰργασμένους.

499 760 647 833 ἀλλ’
683 771 867 833 ἔστιν
896 759 1057 852 ἡμῖν
1086 760 1399 853 ἀναφορὰ
1428 771 1544 851 τῆς
1572 767 1919 853 ξυμφορᾶς

493 865 582 954 μὴ
614 866 915 936 θάνατον
947 875 1138 956 εἴπῃς
1157 889 1171 903 ·
1203 872 1403 935 τοῦτο
1435 865 1559 953 μὲν
1588 864 1717 956 γὰρ
1748 863 1832 935 οὗ
1863 867 2101 954 σοφόν.
2188 886 2289 939 415

495 976 773 1056 Φοῖβος,
805 968 1127 1048 κελεύσας
1154 965 1403 1058 μητρὸς
1434 970 1755 1058 ἐκπρᾶξαι
1786 968 2027 1056 φόνον.

494 1067 950 1160 ἀμαθέστερός
980 1068 1045 1159 γ’
1082 1066 1180 1139 (ὂν
1207 1076 1331 1139 τοῦ
1361 1077 1572 1139 καλοῦ
1601 1072 1716 1140 καὶ
1745 1076 1861 1159 τῆς
1890 1077 2101 1160 δίκης.

496 1172 912 1260 δουλεύομεν
939 1183 1161 1259 θεοῖς,
1194 1168 1234 1241 ὅ
1260 1199 1325 1241 τι
1354 1169 1504 1241 ποτ’
1541 1174 1714 1243 εἰσὶν
1742 1178 1813 1242 οἱ
1834 1182 2011 1242 θεοί.

494 1266 644 1366 κᾷτ’
679 1271 804 1344 οὐκ
837 1272 1080 1362 ἀμύνει
1107 1277 1354 1357 Λοξίας
1381 1289 1519 1355 τοῖς
1545 1291 1689 1355 σοῖς
1716 1291 1982 1359 κακοῖς;

500 1379 758 1465 μέλλει·
789 1376 862 1447 τὸ
895 1387 1091 1447 θεῖον
1120 1375 1185 1446 δ’
1218 1379 1360 1447 ε’στὶ
1388 1384 1697 1447 τοιοῦτον
1725 1377 1950 1466 φύσει.
2188 1394 2293 1449 420

495 1480 707 1549 πόσον
735 1479 982 1568 χρόνον
1010 1480 1086 1550 δὲ
1117 1478 1365 1569 μητρὸς
1393 1490 1688 1567 οἴχονται
1716 1488 1926 1550 πνοαί
1936 1512 1954 1564 ;

495 1584 689 1651 ἕκτον
716 1578 864 1651 τόδ’
897 1574 1076 1673 ἦμαρ
1095 1605 1110 1619 ·
1144 1591 1239 1653 ἔτι
1268 1580 1452 1673 πυρὰ
1484 1581 1708 1673 θερμὴ
1737 1582 1981 1671 τάφου.

495 1680 584 1766 ὦς
613 1682 777 1771 ταχύ
806 1685 1147 1773 μετῆλθόν
1173 1682 1237 1754 σ’
1273 1680 1434 1773 αἷμα
1463 1688 1745 1777 μητέρος
1771 1693 1951 1756 θεαί.

494 1783 576 1856 οὐ
607 1787 848 1875 σοφός,
881 1784 1142 1875 ἀληθὴς
1172 1785 1238 1855 δ’
1280 1794 1373 1867 είς
1402 1794 1646 1875 φίλους
1675 1795 1853 1875 ἔφυν
1882 1796 2099 1877 φίλος.

493 1887 742 1980 πατρὸς
771 1889 847 1959 δὲ
876 1890 962 1978 δή
991 1918 1052 1959 τι
1083 1886 1138 1960 σ’
1173 1886 1429 1979 ὠφελεῖ
1451 1897 1773 1980 τιμωρίας
2184 1907 2289 1960 425
2414 1864 2421 1875 ..

495 1988 719 2061 οὔπω·
751 1990 826 2062 τὸ
856 1996 1100 2081 μέλλον
1130 1990 1197 2061 δ’
1233 2002 1383 2062 ἴσον
1412 1989 1704 2083 ἀπραξίᾳ
1729 1996 1923 2081 λέγω.

492 2092 574 2163 τὰ
603 2092 770 2185 πρὸς
800 2095 1001 2165 πόλιν
1032 2095 1108 2165 δὲ
1138 2102 1279 2177 πῶς
1308 2102 1477 2184 ἔχεις
1507 2096 1759 2184 δράσας
1786 2095 1979 2179 τάδε;

492 2195 854 2285 μισούμεθ’
900 2194 1114 2278 οὕτως
1143 2194 1313 2268 ὥστε
1345 2194 1435 2286 μὴ
1463 2200 1969 2288 προσεννέπειν.

494 2295 647 2370 οὐδ’
679 2295 950 2388 ἥγνισαι
980 2298 1103 2370 σὸν
1130 2296 1293 2387 αἷμα
1322 2297 1489 2370 κατὰ
1515 2301 1728 2389 νόμον
1762 2312 2021 2387 χεροῖν;

491 2401 847 2489 ἐκκλῄομαι
900 2400 1030 2492 γὰρ
1059 2403 1389 2491 δωμάτων
1420 2399 1552 2493 ὅπῃ
1581 2402 1785 2490 μόλω.
2185 2418 2290 2473 430

490 2512 671 2585 τίνες
700 2512 994 2574 πολιτῶν
1023 2509 1510 2594 ἐξαμιλλῶνταί
1530 2527 1607 2575 σε
1635 2514 1793 2594 γῆς;

499 2610 698 2695 Οἴαξ,
728 2605 803 2676 τὸ
842 2614 1082 2698 Τροίας
1108 2624 1298 2696 μῖσος
1330 2605 1692 2696 ἀναφέρων
1720 2614 1941 2696 πατρί.

494 2712 781 2797 ξυνῆκα·
811 2709 1267 2797 Παλαμήδους
1298 2732 1373 2779 σε
1400 2725 1682 2799 τιμωρεῖ
1707 2709 1944 2799 φόνου.

491 2802 578 2881 οὗ
605 2808 671 2900 γ’
711 2809 794 2882 οὐ
822 2820 1031 2901 μετῆν
1062 2836 1207 2900 μοι·
1240 2810 1354 2881 διὰ
1383 2818 1592 2901 τριῶν
1621 2808 1688 2881 δ’
1723 2809 2123 2899 ἀπόλλυμαι.

497 2922 596 2995 τίς
625 2910 696 2983 δ’
733 2912 966 2997 ἀλλοςς
998 2907 1044 3004 ἦ
1071 2941 1204 2985 που
1235 2923 1373 2985 τῶν
1400 2910 1516 2983 ἀπ’
1550 2922 1893 3002 Αἰγίσθου
1910 2921 2287 3002 φίλων;435

495 3007 691 3088 οὗτοί
712 3014 783 3105 μ’
817 3014 1193 3109 ὑβρίζουσ’,
1227 3010 1327 3087 ὦν
1354 3018 1544 3098 πόλις
1573 3016 1653 3087 τὰ
1680 3025 1815 3087 νῦν
1844 3017 2057 3086 κλύει.

489 3117 984 3209 Ἀγαμέμνονος
1013 3120 1090 3191 δὲ
1119 3118 1403 3211 σκῆπτρ’
1436 3124 1515 3212 ἐᾷ
1544 3117 1611 3190 σ’
1648 3128 1825 3208 ἔχειν
1854 3118 2081 3202 πόλις;

502 3229 676 3309 πῶς,
708 3228 950 3305 οἵτινες
979 3232 1097 3313 ζῆν
1126 3221 1252 3294 οὐκ
1283 3220 1442 3293 έῶσ’
1474 3219 1647 3311 ἡμᾶς
1676 3230 1809 3307 ἔτις

499 3332 572 3393 τί
594 3330 888 3414 δρῶντες
917 3324 957 3397 ὅ
984 3355 1046 3395 τι
1075 3329 1189 3394 καὶ
1218 3326 1429 3412 σαφὲς
1458 3332 1627 3413 ἔχεις
1656 3333 1871 3395 εἰπεῖν
1902 3328 2079 3410 &pot-3

501 3433 729 3515 ψῆφος
757 3426 922 3498 καθ’
955 3426 1147 3517 ἡμῶν
1175 3438 1426 3497 οἴσεται
1455 3425 1605 3517 τῇδ’
1639 3425 1875 3518 ἡμέρᾳ.
2032 3471 2040 3477 -
2186 3439 2293 3493 440

501 3528 786 3617 φεύγειν
817 3532 1016 3600 πόλιν
1045 3528 1235 3619 τήνδ’
1269 3526 1314 3617 ἢ
1342 3540 1586 3599 θανεῖν
1615 3524 1658 3617 ἦ
1684 3528 1774 3617 μὴ
1805 3539 2083 3609 θανεῖν;
