<?xml version="1.0" encoding="UTF-8"?>
<!DOCTYPE html PUBLIC "-//W3C//DTD XHTML 1.0 Transitional//EN"
    "http://www.w3.org/TR/xhtml1/DTD/xhtml1-transitional.dtd">
<html xmlns="http://www.w3.org/1999/xhtml" xml:lang="en" lang="en">
 <head>
  <title>
</title>
<meta http-equiv="Content-Type" content="text/html;charset=utf-8" />
  <meta name='ocr-system' content='tesseract 3.04.00' />
  <meta name='ocr-capabilities' content='ocr_page ocr_carea ocr_par ocr_line ocrx_word'/>
</head>
<body>
  <div class='ocr_page' id='page_1' title='image "./evripidistragoe04eurigoog_0100.png"; bbox 0 0 2534 3917; ppageno 0'>
   <div class='ocr_carea' id='block_1_1' title="bbox 709 205 2267 270">
    <p class='ocr_par' dir='ltr' id='par_1_1' title="bbox 709 205 2267 270">
     <span class='ocr_line' id='line_1_1' title="bbox 709 205 2267 270; baseline 0.003 -5"><span class='ocrx_word' id='word_1_1' title='bbox 709 208 1018 266; x_wconf 83' lang='grc' dir='ltr'><em>ΙΦΙΓΕΝ</em></span> <span class='ocrx_word' id='word_1_2' title='bbox 1027 208 1111 265; x_wconf 85' lang='grc' dir='ltr'><strong><em>ΕΙ</em></strong></span> <span class='ocrx_word' id='word_1_3' title='bbox 1118 210 1168 265; x_wconf 81' lang='grc' dir='ltr'><em>Α</em></span> <span class='ocrx_word' id='word_1_4' title='bbox 1209 208 1282 263; x_wconf 88' lang='grc' dir='ltr'><em>Η</em></span> <span class='ocrx_word' id='word_1_5' title='bbox 1318 208 1443 264; x_wconf 85' lang='grc' dir='ltr'><strong><em>ΕΝ</em></strong></span> <span class='ocrx_word' id='word_1_6' title='bbox 1479 205 1799 266; x_wconf 75' lang='lat' dir='ltr'><em>AYAIAI</em></span> <span class='ocrx_word' id='word_1_7' title='bbox 2182 206 2267 270; x_wconf 77' lang='lat'><strong><em>43</em></strong></span> 
     </span>
    </p>
   </div>
   <div class='ocr_carea' id='block_1_2' title="bbox 465 370 2266 2501">
    <p class='ocr_par' dir='ltr' id='par_1_2' title="bbox 477 370 1998 463">
     <span class='ocr_line' id='line_1_2' title="bbox 477 370 1998 463; baseline -0.001 -17"><span class='ocrx_word' id='word_1_8' title='bbox 477 373 629 446; x_wconf 80' lang='grc' dir='ltr'><strong><em>ἀλλ’</em></strong></span> <span class='ocrx_word' id='word_1_9' title='bbox 664 375 778 463; x_wconf 72' lang='grc' dir='ltr'><strong><em>ἐμὲ</em></strong></span> <span class='ocrx_word' id='word_1_10' title='bbox 808 380 1072 443; x_wconf 85' lang='grc' dir='ltr'><strong><em>δίκαιον</em></strong></span> <span class='ocrx_word' id='word_1_11' title='bbox 1100 370 1368 461; x_wconf 75' lang='grc' dir='ltr'><strong><em>ἀγαθὸν</em></strong></span> <span class='ocrx_word' id='word_1_12' title='bbox 1397 373 1727 461; x_wconf 75' lang='grc' dir='ltr'><strong><em>εὔχεσθαί</em></strong></span> <span class='ocrx_word' id='word_1_13' title='bbox 1748 401 1811 443; x_wconf 90' lang='grc' dir='ltr'><strong><em>τι</em></strong></span> <span class='ocrx_word' id='word_1_14' title='bbox 1850 383 1969 445; x_wconf 84' lang='grc' dir='ltr'><strong><em>σοί</em></strong></span> <span class='ocrx_word' id='word_1_15' title='bbox 1979 407 1998 458; x_wconf 89' lang='lat'><strong>;</strong></span> 
     </span>
    </p>

    <p class='ocr_par' dir='ltr' id='par_1_3' title="bbox 480 472 2043 568">
     <span class='ocr_line' id='line_1_3' title="bbox 480 472 2043 568; baseline 0 -21"><span class='ocrx_word' id='word_1_16' title='bbox 480 478 528 568; x_wconf 80' lang='grc' dir='ltr'><em>ἦ</em></span> <span class='ocrx_word' id='word_1_17' title='bbox 590 473 744 567; x_wconf 80' lang='grc' dir='ltr'><strong><em>τᾶρ’</em></strong></span> <span class='ocrx_word' id='word_1_18' title='bbox 778 473 1144 555; x_wconf 74' lang='grc' dir='ltr'><strong><em>ἀσυνέτους</em></strong></span> <span class='ocrx_word' id='word_1_19' title='bbox 1171 473 1333 557; x_wconf 75' lang='grc' dir='ltr'><strong><em>τοὺς</em></strong></span> <span class='ocrx_word' id='word_1_20' title='bbox 1350 472 1562 556; x_wconf 81' lang='grc' dir='ltr'><strong><em>θεοὺς</em></strong></span> <span class='ocrx_word' id='word_1_21' title='bbox 1586 472 1906 565; x_wconf 76' lang='grc' dir='ltr'><strong><em>ἡγοίμεθ’</em></strong></span> <span class='ocrx_word' id='word_1_22' title='bbox 1936 474 2043 565; x_wconf 74' lang='grc' dir='ltr'><strong><em>ἄν,</em></strong></span> 
     </span>
    </p>

    <p class='ocr_par' dir='ltr' id='par_1_4' title="bbox 473 567 2266 769">
     <span class='ocr_line' id='line_1_4' title="bbox 473 567 2266 667; baseline 0.002 -18"><span class='ocrx_word' id='word_1_23' title='bbox 473 587 542 649; x_wconf 82' lang='grc' dir='ltr'><strong><em>εί</em></strong></span> <span class='ocrx_word' id='word_1_24' title='bbox 566 594 787 649; x_wconf 81' lang='grc' dir='ltr'><strong><em>τοτσιν</em></strong></span> <span class='ocrx_word' id='word_1_25' title='bbox 814 575 1257 647; x_wconf 79' lang='grc' dir='ltr'><strong><em>αὐθένταισιν</em></strong></span> <span class='ocrx_word' id='word_1_26' title='bbox 1288 567 1369 647; x_wconf 79' lang='grc' dir='ltr'><strong><em>εὖ</em></strong></span> <span class='ocrx_word' id='word_1_27' title='bbox 1396 577 1841 667; x_wconf 82' lang='grc' dir='ltr'><strong><em>φρονήσομεν.</em></strong></span> <span class='ocrx_word' id='word_1_28' title='bbox 2130 596 2266 653; x_wconf 89' lang='grc'>1190</span> 
     </span>
     <span class='ocr_line' id='line_1_5' title="bbox 477 677 2057 769; baseline -0.001 -19"><span class='ocrx_word' id='word_1_29' title='bbox 477 678 670 769; x_wconf 78' lang='grc' dir='ltr'><strong><em>ἥκων</em></strong></span> <span class='ocrx_word' id='word_1_30' title='bbox 698 677 767 749; x_wconf 84' lang='grc' dir='ltr'><strong><em>δ’</em></strong></span> <span class='ocrx_word' id='word_1_31' title='bbox 805 685 872 761; x_wconf 83' lang='grc' dir='ltr'><strong><em>ἐς</em></strong></span> <span class='ocrx_word' id='word_1_32' title='bbox 891 677 1136 769; x_wconf 62' lang='lat' dir='ltr'><strong><em>”Apros</em></strong></span> <span class='ocrx_word' id='word_1_33' title='bbox 1163 694 1533 768; x_wconf 73' lang='grc' dir='ltr'><strong><em>προσπεσεῐ</em></strong></span> <span class='ocrx_word' id='word_1_34' title='bbox 1553 683 1849 749; x_wconf 82' lang='grc' dir='ltr'><strong><em>τέκνοισι</em></strong></span> <span class='ocrx_word' id='word_1_35' title='bbox 1875 695 2057 764; x_wconf 68' lang='grc' dir='ltr'><strong><em>σοίςς</em></strong></span> 
     </span>
    </p>

    <p class='ocr_par' dir='ltr' id='par_1_5' title="bbox 471 780 2261 1481">
     <span class='ocr_line' id='line_1_6' title="bbox 473 780 2028 872; baseline -0.001 -21"><span class='ocrx_word' id='word_1_36' title='bbox 473 780 629 851; x_wconf 79' lang='grc' dir='ltr'><strong><em>ἀλλ’</em></strong></span> <span class='ocrx_word' id='word_1_37' title='bbox 664 780 748 851; x_wconf 80' lang='grc' dir='ltr'><strong><em>οὐ</em></strong></span> <span class='ocrx_word' id='word_1_38' title='bbox 776 783 975 870; x_wconf 82' lang='grc' dir='ltr'><strong><em>θέμις</em></strong></span> <span class='ocrx_word' id='word_1_39' title='bbox 1001 803 1129 851; x_wconf 90' lang='grc' dir='ltr'><strong><em>σοι.</em></strong></span> <span class='ocrx_word' id='word_1_40' title='bbox 1159 788 1261 863; x_wconf 85' lang='grc' dir='ltr'><strong><em>τίς</em></strong></span> <span class='ocrx_word' id='word_1_41' title='bbox 1290 781 1367 851; x_wconf 74' lang='grc' dir='ltr'><strong><em>δὲ</em></strong></span> <span class='ocrx_word' id='word_1_42' title='bbox 1392 783 1508 851; x_wconf 79' lang='grc' dir='ltr'><strong><em>καὶ</em></strong></span> <span class='ocrx_word' id='word_1_43' title='bbox 1534 784 2028 872; x_wconf 71' lang='grc' dir='ltr'><strong><em>προσβλέψεται</em></strong></span> 
     </span>
     <span class='ocr_line' id='line_1_7' title="bbox 475 880 2181 974; baseline 0 -21"><span class='ocrx_word' id='word_1_44' title='bbox 475 890 744 954; x_wconf 81' lang='grc' dir='ltr'><strong><em>παίδων</em></strong></span> <span class='ocrx_word' id='word_1_45' title='bbox 770 880 862 970; x_wconf 89' lang='grc' dir='ltr'><strong><em>σ’,</em></strong></span> <span class='ocrx_word' id='word_1_46' title='bbox 914 881 1032 952; x_wconf 71' lang='grc' dir='ltr'><strong><em>ἐάν</em></strong></span> <span class='ocrx_word' id='word_1_47' title='bbox 1076 890 1274 972; x_wconf 79' lang='grc' dir='ltr'><strong><em>σφῶν</em></strong></span> <span class='ocrx_word' id='word_1_48' title='bbox 1326 884 1695 971; x_wconf 76' lang='grc' dir='ltr'><strong><em>προέμενος</em></strong></span> <span class='ocrx_word' id='word_1_49' title='bbox 1722 883 1969 974; x_wconf 77' lang='grc' dir='ltr'><strong><em>κτάνῃς</em></strong></span> <span class='ocrx_word' id='word_1_50' title='bbox 1997 884 2147 954; x_wconf 87' lang='grc' dir='ltr'><strong><em>τινά</em></strong></span> <span class='ocrx_word' id='word_1_51' title='bbox 2162 916 2181 969; x_wconf 81' lang='lat'><em>3</em></span> 
     </span>
     <span class='ocr_line' id='line_1_8' title="bbox 474 976 2043 1074; baseline 0 -19"><span class='ocrx_word' id='word_1_52' title='bbox 474 982 670 1055; x_wconf 83' lang='grc' dir='ltr'><strong><em>ταῦτ’</em></strong></span> <span class='ocrx_word' id='word_1_53' title='bbox 697 976 908 1073; x_wconf 82' lang='grc' dir='ltr'><strong><em>ἦλθες</em></strong></span> <span class='ocrx_word' id='word_1_54' title='bbox 937 981 1070 1073; x_wconf 83' lang='grc' dir='ltr'><strong><em>ἤδη</em></strong></span> <span class='ocrx_word' id='word_1_55' title='bbox 1098 982 1212 1054; x_wconf 78' lang='grc' dir='ltr'><strong><em>διὰ</em></strong></span> <span class='ocrx_word' id='word_1_56' title='bbox 1241 984 1501 1073; x_wconf 82' lang='grc' dir='ltr'><strong><em>λόγων,</em></strong></span> <span class='ocrx_word' id='word_1_57' title='bbox 1530 979 1576 1072; x_wconf 79' lang='grc' dir='ltr'><strong><em>ἢ</em></strong></span> <span class='ocrx_word' id='word_1_58' title='bbox 1602 985 1909 1074; x_wconf 86' lang='grc' dir='ltr'><strong><em>σκῆπτρά</em></strong></span> <span class='ocrx_word' id='word_1_59' title='bbox 1936 1007 2043 1055; x_wconf 89' lang='grc' dir='ltr'><strong><em>σοι</em></strong></span> 
     </span>
     <span class='ocr_line' id='line_1_9' title="bbox 471 1087 2261 1177; baseline 0.001 -20"><span class='ocrx_word' id='word_1_60' title='bbox 471 1087 686 1174; x_wconf 85' lang='grc' dir='ltr'><strong><em>μόνον</em></strong></span> <span class='ocrx_word' id='word_1_61' title='bbox 718 1089 1071 1177; x_wconf 79' lang='grc' dir='ltr'><strong><em>διαφέρειν</em></strong></span> <span class='ocrx_word' id='word_1_62' title='bbox 1088 1087 1202 1155; x_wconf 83' lang='grc' dir='ltr'><strong><em>καὶ</em></strong></span> <span class='ocrx_word' id='word_1_63' title='bbox 1229 1095 1707 1175; x_wconf 76' lang='grc' dir='ltr'><strong><em>στρατηλατεῖν</em></strong></span> <span class='ocrx_word' id='word_1_64' title='bbox 1735 1110 1811 1156; x_wconf 90' lang='grc' dir='ltr'><strong><em>σε</em></strong></span> <span class='ocrx_word' id='word_1_65' title='bbox 1840 1091 1980 1169; x_wconf 73' lang='grc' dir='ltr'><strong><em>δεῖς</em></strong></span> <span class='ocrx_word' id='word_1_66' title='bbox 2128 1104 2261 1158; x_wconf 79' lang='grc'>1195</span> 
     </span>
     <span class='ocr_line' id='line_1_10' title="bbox 471 1184 2027 1278; baseline -0.001 -20"><span class='ocrx_word' id='word_1_67' title='bbox 471 1186 556 1258; x_wconf 80' lang='grc' dir='ltr'><strong><em>ὃν</em></strong></span> <span class='ocrx_word' id='word_1_68' title='bbox 581 1194 754 1278; x_wconf 83' lang='grc' dir='ltr'><strong><em>χρῆν</em></strong></span> <span class='ocrx_word' id='word_1_69' title='bbox 779 1194 1045 1257; x_wconf 88' lang='grc' dir='ltr'><strong><em>δίκαιον</em></strong></span> <span class='ocrx_word' id='word_1_70' title='bbox 1072 1188 1280 1274; x_wconf 86' lang='grc' dir='ltr'><strong><em>λόγον</em></strong></span> <span class='ocrx_word' id='word_1_71' title='bbox 1310 1190 1386 1256; x_wconf 73' lang='grc' dir='ltr'><strong><em>ἐν</em></strong></span> <span class='ocrx_word' id='word_1_72' title='bbox 1418 1184 1745 1276; x_wconf 75' lang='grc' dir='ltr'><strong><em>Ἀργείοις</em></strong></span> <span class='ocrx_word' id='word_1_73' title='bbox 1770 1190 2027 1276; x_wconf 87' lang='grc' dir='ltr'><strong><em>λέγειν·</em></strong></span> 
     </span>
     <span class='ocr_line' id='line_1_11' title="bbox 476 1286 2122 1379; baseline -0.001 -20"><span class='ocrx_word' id='word_1_74' title='bbox 476 1286 834 1379; x_wconf 76' lang='grc' dir='ltr'><strong><em>βούλεσθ’,</em></strong></span> <span class='ocrx_word' id='word_1_75' title='bbox 868 1287 1150 1377; x_wconf 78' lang='grc' dir='ltr'><strong><em>Ἀχαιοί,</em></strong></span> <span class='ocrx_word' id='word_1_76' title='bbox 1181 1297 1378 1359; x_wconf 69' lang='grc' dir='ltr'><strong><em>πλεῖν</em></strong></span> <span class='ocrx_word' id='word_1_77' title='bbox 1406 1294 1706 1377; x_wconf 75' lang='grc' dir='ltr'><strong><em>Φρυγῶν</em></strong></span> <span class='ocrx_word' id='word_1_78' title='bbox 1734 1291 1844 1358; x_wconf 77' lang='grc' dir='ltr'><strong><em>ἐπὶ</em></strong></span> <span class='ocrx_word' id='word_1_79' title='bbox 1869 1289 2122 1376; x_wconf 72' lang='grc' dir='ltr'><strong><em>χθόνας</em></strong></span> 
     </span>
     <span class='ocr_line' id='line_1_12' title="bbox 473 1386 1986 1481; baseline -0.001 -21"><span class='ocrx_word' id='word_1_80' title='bbox 473 1399 730 1481; x_wconf 81' lang='grc' dir='ltr'><strong><em>κλῆρον</em></strong></span> <span class='ocrx_word' id='word_1_81' title='bbox 755 1399 1040 1462; x_wconf 76' lang='grc' dir='ltr'><strong><em>τίθεσθε</em></strong></span> <span class='ocrx_word' id='word_1_82' title='bbox 1067 1387 1254 1460; x_wconf 76' lang='grc' dir='ltr'><strong><em>παῖδ’</em></strong></span> <span class='ocrx_word' id='word_1_83' title='bbox 1288 1386 1447 1460; x_wconf 79' lang='grc' dir='ltr'><strong><em>ὅτου</em></strong></span> <span class='ocrx_word' id='word_1_84' title='bbox 1474 1400 1722 1460; x_wconf 74' lang='grc' dir='ltr'><strong><em>θανεῖν</em></strong></span> <span class='ocrx_word' id='word_1_85' title='bbox 1746 1391 1986 1480; x_wconf 74' lang='grc' dir='ltr'><strong><em>χρεών.</em></strong></span> 
     </span>
    </p>

    <p class='ocr_par' dir='ltr' id='par_1_6' title="bbox 467 1483 2259 1991">
     <span class='ocr_line' id='line_1_13' title="bbox 471 1483 1957 1586; baseline -0.001 -23"><span class='ocrx_word' id='word_1_86' title='bbox 471 1498 550 1563; x_wconf 79' lang='grc' dir='ltr'><strong><em>ἐν</em></strong></span> <span class='ocrx_word' id='word_1_87' title='bbox 578 1504 702 1586; x_wconf 70' lang='grc' dir='ltr'><strong><em>ἴσῳ</em></strong></span> <span class='ocrx_word' id='word_1_88' title='bbox 732 1492 861 1582; x_wconf 81' lang='grc' dir='ltr'><strong><em>γὰρ</em></strong></span> <span class='ocrx_word' id='word_1_89' title='bbox 881 1483 969 1581; x_wconf 80' lang='grc' dir='ltr'><strong><em>ἦν</em></strong></span> <span class='ocrx_word' id='word_1_90' title='bbox 995 1489 1167 1580; x_wconf 81' lang='grc' dir='ltr'><strong><em>τόδ’,</em></strong></span> <span class='ocrx_word' id='word_1_91' title='bbox 1197 1489 1367 1562; x_wconf 80' lang='grc' dir='ltr'><strong><em>ἀλλὰ</em></strong></span> <span class='ocrx_word' id='word_1_92' title='bbox 1392 1490 1483 1581; x_wconf 80' lang='grc' dir='ltr'><strong><em>μὴ</em></strong></span> <span class='ocrx_word' id='word_1_93' title='bbox 1513 1490 1579 1562; x_wconf 91' lang='grc' dir='ltr'><strong><em>σ’</em></strong></span> <span class='ocrx_word' id='word_1_94' title='bbox 1618 1495 1957 1582; x_wconf 76' lang='grc' dir='ltr'><strong><em>ἐξαίρετον</em></strong></span> 
     </span>
     <span class='ocr_line' id='line_1_14' title="bbox 471 1594 2259 1685; baseline 0.001 -21"><span class='ocrx_word' id='word_1_95' title='bbox 471 1594 770 1683; x_wconf 85' lang='grc' dir='ltr'><strong><em>σφάγιον</em></strong></span> <span class='ocrx_word' id='word_1_96' title='bbox 797 1608 1165 1685; x_wconf 81' lang='grc' dir='ltr'><strong><em>παρασχεῖν</em></strong></span> <span class='ocrx_word' id='word_1_97' title='bbox 1189 1598 1602 1664; x_wconf 79' lang='grc' dir='ltr'><strong><em>Δαναΐδαισι</em></strong></span> <span class='ocrx_word' id='word_1_98' title='bbox 1632 1600 1839 1664; x_wconf 78' lang='grc' dir='ltr'><strong><em>παῖδα</em></strong></span> <span class='ocrx_word' id='word_1_99' title='bbox 1868 1595 2016 1682; x_wconf 82' lang='grc' dir='ltr'><strong><em>σήν,</em></strong></span> <span class='ocrx_word' id='word_1_100' title='bbox 2126 1613 2259 1666; x_wconf 83' lang='lat'>1200</span> 
     </span>
     <span class='ocr_line' id='line_1_15' title="bbox 467 1692 2048 1787; baseline -0.001 -20"><span class='ocrx_word' id='word_1_101' title='bbox 467 1692 516 1786; x_wconf 78' lang='grc' dir='ltr'><em>ἢ</em></span> <span class='ocrx_word' id='word_1_102' title='bbox 541 1700 912 1767; x_wconf 83' lang='grc' dir='ltr'><strong><em>Μενέλεων</em></strong></span> <span class='ocrx_word' id='word_1_103' title='bbox 937 1695 1068 1785; x_wconf 87' lang='grc' dir='ltr'><strong><em>πρὸ</em></strong></span> <span class='ocrx_word' id='word_1_104' title='bbox 1097 1695 1346 1787; x_wconf 85' lang='grc' dir='ltr'><strong><em>μητρὸς</em></strong></span> <span class='ocrx_word' id='word_1_105' title='bbox 1372 1694 1728 1785; x_wconf 83' lang='grc' dir='ltr'><strong><em>Ἑρμιόνην</em></strong></span> <span class='ocrx_word' id='word_1_106' title='bbox 1755 1711 2048 1783; x_wconf 71' lang='grc' dir='ltr'><strong><em>κτανεῖν,</em></strong></span> 
     </span>
     <span class='ocr_line' id='line_1_16' title="bbox 475 1790 2116 1891; baseline -0.002 -22"><span class='ocrx_word' id='word_1_107' title='bbox 475 1790 690 1891; x_wconf 77' lang='grc' dir='ltr'><strong><em>οὗπερ</em></strong></span> <span class='ocrx_word' id='word_1_108' title='bbox 716 1798 793 1869; x_wconf 87' lang='grc' dir='ltr'><strong><em>τὸ</em></strong></span> <span class='ocrx_word' id='word_1_109' title='bbox 822 1794 1074 1888; x_wconf 76' lang='grc' dir='ltr'><strong><em>πρᾶγμ’</em></strong></span> <span class='ocrx_word' id='word_1_110' title='bbox 1105 1796 1213 1886; x_wconf 72' lang='grc' dir='ltr'><strong><em>ἦν.</em></strong></span> <span class='ocrx_word' id='word_1_111' title='bbox 1239 1805 1378 1867; x_wconf 82' lang='grc' dir='ltr'><strong><em>νῦν</em></strong></span> <span class='ocrx_word' id='word_1_112' title='bbox 1405 1794 1472 1866; x_wconf 88' lang='grc' dir='ltr'><strong><em>δ’</em></strong></span> <span class='ocrx_word' id='word_1_113' title='bbox 1507 1796 1639 1885; x_wconf 72' lang='grc' dir='ltr'><strong><em>ἐγώ</em></strong></span> <span class='ocrx_word' id='word_1_114' title='bbox 1666 1798 1791 1884; x_wconf 70' lang='grc' dir='ltr'><strong><em>μὲν</em></strong></span> <span class='ocrx_word' id='word_1_115' title='bbox 1818 1795 1860 1885; x_wconf 81' lang='grc' dir='ltr'><em>ἡ</em></span> <span class='ocrx_word' id='word_1_116' title='bbox 1890 1795 1964 1869; x_wconf 84' lang='grc' dir='ltr'><strong><em>τὸ</em></strong></span> <span class='ocrx_word' id='word_1_117' title='bbox 1992 1796 2116 1868; x_wconf 87' lang='grc' dir='ltr'><strong><em>σόν</em></strong></span> 
     </span>
     <span class='ocr_line' id='line_1_17' title="bbox 473 1899 1849 1991; baseline -0.001 -20"><span class='ocrx_word' id='word_1_118' title='bbox 473 1901 778 1986; x_wconf 74' lang='grc' dir='ltr'><strong><em>σώζουσα</em></strong></span> <span class='ocrx_word' id='word_1_119' title='bbox 805 1902 1087 1991; x_wconf 83' lang='grc' dir='ltr'><strong><em>λέκτρον</em></strong></span> <span class='ocrx_word' id='word_1_120' title='bbox 1113 1899 1355 1980; x_wconf 84' lang='grc' dir='ltr'><strong><em>παιδὸς</em></strong></span> <span class='ocrx_word' id='word_1_121' title='bbox 1382 1902 1849 1987; x_wconf 80' lang='grc' dir='ltr'><strong><em>ἐστερήσομαι,</em></strong></span> 
     </span>
    </p>

    <p class='ocr_par' dir='ltr' id='par_1_7' title="bbox 474 1999 1818 2092">
     <span class='ocr_line' id='line_1_18' title="bbox 474 1999 1818 2092; baseline -0.002 -21"><span class='ocrx_word' id='word_1_122' title='bbox 474 2001 518 2090; x_wconf 82' lang='grc' dir='ltr'><strong><em>ἡ</em></strong></span> <span class='ocrx_word' id='word_1_123' title='bbox 549 2000 616 2071; x_wconf 86' lang='grc' dir='ltr'><strong><em>δ’</em></strong></span> <span class='ocrx_word' id='word_1_124' title='bbox 649 1999 1114 2092; x_wconf 79' lang='grc' dir='ltr'><strong><em>ἐξαμαρτοῦσ’,</em></strong></span> <span class='ocrx_word' id='word_1_125' title='bbox 1148 1999 1509 2091; x_wconf 79' lang='grc' dir='ltr'><strong><em>ὑπόροφον</em></strong></span> <span class='ocrx_word' id='word_1_126' title='bbox 1534 1999 1818 2069; x_wconf 80' lang='grc' dir='ltr'><strong><em>νεάνιδα</em></strong></span> 
     </span>
    </p>

    <p class='ocr_par' dir='ltr' id='par_1_8' title="bbox 465 2100 2257 2295">
     <span class='ocr_line' id='line_1_19' title="bbox 465 2100 2257 2194; baseline -0.001 -21"><span class='ocrx_word' id='word_1_127' title='bbox 465 2105 754 2194; x_wconf 81' lang='grc' dir='ltr'><strong><em>Σπάρτῃ</em></strong></span> <span class='ocrx_word' id='word_1_128' title='bbox 782 2101 1152 2192; x_wconf 78' lang='grc' dir='ltr'><strong><em>κομίζουσ’,</em></strong></span> <span class='ocrx_word' id='word_1_129' title='bbox 1177 2100 1459 2192; x_wconf 79' lang='grc' dir='ltr'><strong><em>εὐτυχὴς</em></strong></span> <span class='ocrx_word' id='word_1_130' title='bbox 1487 2102 1861 2191; x_wconf 82' lang='grc' dir='ltr'><strong><em>γενήσεται.</em></strong></span> <span class='ocrx_word' id='word_1_131' title='bbox 2122 2120 2257 2173; x_wconf 77' lang='lat'>1205</span> 
     </span>
     <span class='ocr_line' id='line_1_20' title="bbox 469 2202 1922 2295; baseline -0.001 -20"><span class='ocrx_word' id='word_1_132' title='bbox 469 2207 736 2276; x_wconf 83' lang='grc' dir='ltr'><strong><em>τούτων</em></strong></span> <span class='ocrx_word' id='word_1_133' title='bbox 760 2203 1045 2293; x_wconf 72' lang='grc' dir='ltr'><strong><em>ἄμειψαί</em></strong></span> <span class='ocrx_word' id='word_1_134' title='bbox 1064 2202 1135 2294; x_wconf 87' lang='grc' dir='ltr'><strong><em>μ’</em></strong></span> <span class='ocrx_word' id='word_1_135' title='bbox 1170 2216 1239 2277; x_wconf 77' lang='grc' dir='ltr'><strong><em>εἴ</em></strong></span> <span class='ocrx_word' id='word_1_136' title='bbox 1255 2234 1320 2276; x_wconf 90' lang='grc' dir='ltr'><strong><em>τι</em></strong></span> <span class='ocrx_word' id='word_1_137' title='bbox 1347 2204 1437 2295; x_wconf 79' lang='grc' dir='ltr'><strong><em>μὴ</em></strong></span> <span class='ocrx_word' id='word_1_138' title='bbox 1467 2210 1687 2285; x_wconf 74' lang='grc' dir='ltr'><strong><em>καλῶς</em></strong></span> <span class='ocrx_word' id='word_1_139' title='bbox 1714 2206 1888 2294; x_wconf 82' lang='grc' dir='ltr'><strong><em>λέγω</em></strong></span> <span class='ocrx_word' id='word_1_140' title='bbox 1907 2226 1922 2243; x_wconf 89' lang='grc'><em>·</em></span> 
     </span>
    </p>

    <p class='ocr_par' dir='ltr' id='par_1_9' title="bbox 474 2299 1717 2398">
     <span class='ocr_line' id='line_1_21' title="bbox 474 2299 1717 2398; baseline 0 -21"><span class='ocrx_word' id='word_1_141' title='bbox 474 2314 539 2378; x_wconf 76' lang='grc' dir='ltr'><strong><em>εἰ</em></strong></span> <span class='ocrx_word' id='word_1_142' title='bbox 562 2304 629 2377; x_wconf 86' lang='grc' dir='ltr'><strong><em>δ’</em></strong></span> <span class='ocrx_word' id='word_1_143' title='bbox 663 2299 743 2377; x_wconf 81' lang='grc' dir='ltr'><strong><em>εὖ</em></strong></span> <span class='ocrx_word' id='word_1_144' title='bbox 769 2310 1068 2377; x_wconf 84' lang='grc' dir='ltr'><strong><em>λέλεκται</em></strong></span> <span class='ocrx_word' id='word_1_145' title='bbox 1096 2311 1131 2352; x_wconf 89' lang='grc'>*</span> <span class='ocrx_word' id='word_1_146' title='bbox 1158 2312 1194 2353; x_wconf 86' lang='grc'><em>*</em></span> <span class='ocrx_word' id='word_1_147' title='bbox 1221 2311 1256 2352; x_wconf 89' lang='grc'>*</span> <span class='ocrx_word' id='word_1_148' title='bbox 1287 2312 1321 2353; x_wconf 92' lang='grc'>*</span> <span class='ocrx_word' id='word_1_149' title='bbox 1352 2306 1443 2398; x_wconf 82' lang='grc' dir='ltr'><strong><em>μὴ</em></strong></span> <span class='ocrx_word' id='word_1_150' title='bbox 1471 2307 1717 2397; x_wconf 85' lang='grc' dir='ltr'><strong><em>κτάνῃς</em></strong></span> 
     </span>
    </p>

    <p class='ocr_par' dir='ltr' id='par_1_10' title="bbox 469 2407 2023 2501">
     <span class='ocr_line' id='line_1_22' title="bbox 469 2407 2023 2501; baseline 0.001 -23"><span class='ocrx_word' id='word_1_151' title='bbox 469 2410 596 2499; x_wconf 82' lang='grc' dir='ltr'><strong><em>τὴν</em></strong></span> <span class='ocrx_word' id='word_1_152' title='bbox 624 2411 752 2499; x_wconf 86' lang='grc' dir='ltr'><strong><em>σήν</em></strong></span> <span class='ocrx_word' id='word_1_153' title='bbox 776 2439 849 2480; x_wconf 87' lang='grc' dir='ltr'><strong><em>τε</em></strong></span> <span class='ocrx_word' id='word_1_154' title='bbox 874 2407 1096 2499; x_wconf 77' lang='grc' dir='ltr'><strong><em>κάμὴν</em></strong></span> <span class='ocrx_word' id='word_1_155' title='bbox 1123 2418 1367 2498; x_wconf 82' lang='grc' dir='ltr'><strong><em>παῖδα,</em></strong></span> <span class='ocrx_word' id='word_1_156' title='bbox 1397 2413 1511 2481; x_wconf 83' lang='grc' dir='ltr'><strong><em>καὶ</em></strong></span> <span class='ocrx_word' id='word_1_157' title='bbox 1537 2412 1836 2501; x_wconf 75' lang='grc' dir='ltr'><strong><em>σώφρων</em></strong></span> <span class='ocrx_word' id='word_1_158' title='bbox 1864 2416 2023 2480; x_wconf 83' lang='grc' dir='ltr'><strong><em>ἔσει.</em></strong></span> 
     </span>
    </p>
   </div>
   <div class='ocr_carea' id='block_1_3' title="bbox 229 2512 1981 2603">
    <p class='ocr_par' dir='ltr' id='par_1_11' title="bbox 229 2512 1981 2603">
     <span class='ocr_line' id='line_1_23' title="bbox 229 2512 1981 2603; baseline -0.003 -18"><span class='ocrx_word' id='word_1_159' title='bbox 229 2522 377 2585; x_wconf 82' lang='lat' dir='ltr'><strong><em>XO.</em></strong></span> <span class='ocrx_word' id='word_1_160' title='bbox 467 2519 706 2582; x_wconf 79' lang='grc' dir='ltr'><strong><em>πιθοῦ.</em></strong></span> <span class='ocrx_word' id='word_1_161' title='bbox 736 2512 810 2581; x_wconf 84' lang='grc' dir='ltr'><strong><em>τὸ</em></strong></span> <span class='ocrx_word' id='word_1_162' title='bbox 841 2513 970 2603; x_wconf 90' lang='grc' dir='ltr'><strong><em>γάρ</em></strong></span> <span class='ocrx_word' id='word_1_163' title='bbox 998 2540 1101 2582; x_wconf 90' lang='grc' dir='ltr'><strong><em>τοι</em></strong></span> <span class='ocrx_word' id='word_1_164' title='bbox 1127 2515 1330 2583; x_wconf 85' lang='grc' dir='ltr'><strong><em>τέκνα</em></strong></span> <span class='ocrx_word' id='word_1_165' title='bbox 1356 2512 1723 2597; x_wconf 74' lang='grc' dir='ltr'><strong><em>συνσιόζειν</em></strong></span> <span class='ocrx_word' id='word_1_166' title='bbox 1750 2512 1981 2599; x_wconf 83' lang='grc' dir='ltr'><strong><em>καλόν,</em></strong></span> 
     </span>
    </p>
   </div>
   <div class='ocr_carea' id='block_1_4' title="bbox 229 2728 354 2788">
    <p class='ocr_par' dir='ltr' id='par_1_12' title="bbox 229 2728 354 2788">
     <span class='ocr_line' id='line_1_24' title="bbox 229 2728 354 2788; baseline -0.024 0"><span class='ocrx_word' id='word_1_167' title='bbox 229 2728 354 2788; x_wconf 86' lang='grc' dir='ltr'><strong><em>ῙΦ.</em></strong></span> 
     </span>
    </p>
   </div>
   <div class='ocr_carea' id='block_1_5' title="bbox 464 2610 2256 3621">
    <p class='ocr_par' dir='ltr' id='par_1_13' title="bbox 464 2610 2247 3009">
     <span class='ocr_line' id='line_1_25' title="bbox 464 2610 2183 2703; baseline -0.002 -19"><span class='ocrx_word' id='word_1_168' title='bbox 464 2612 883 2703; x_wconf 87' lang='grc' dir='ltr'><strong><em>’Λγάμεμνον</em></strong></span> <span class='ocrx_word' id='word_1_169' title='bbox 900 2638 914 2651; x_wconf 83' lang='grc'><em>·</em></span> <span class='ocrx_word' id='word_1_170' title='bbox 949 2612 1174 2695; x_wconf 76' lang='grc' dir='ltr'><strong><em>οὐδεὶς</em></strong></span> <span class='ocrx_word' id='word_1_171' title='bbox 1199 2612 1415 2685; x_wconf 77' lang='grc' dir='ltr'><strong><em>τοῖσδ’</em></strong></span> <span class='ocrx_word' id='word_1_172' title='bbox 1448 2610 1534 2683; x_wconf 73' lang='grc' dir='ltr'><strong><em>ἂν</em></strong></span> <span class='ocrx_word' id='word_1_173' title='bbox 1562 2612 1867 2684; x_wconf 78' lang='grc' dir='ltr'><strong><em>ἀντείποι</em></strong></span> <span class='ocrx_word' id='word_1_174' title='bbox 1894 2620 2183 2702; x_wconf 73' lang='grc' dir='ltr'><strong><em>βροτῶν.</em></strong></span> 
     </span>
     <span class='ocr_line' id='line_1_26' title="bbox 471 2708 2247 2806; baseline -0.001 -19"><span class='ocrx_word' id='word_1_175' title='bbox 471 2723 536 2787; x_wconf 82' lang='grc' dir='ltr'><strong><em>εἰ</em></strong></span> <span class='ocrx_word' id='word_1_176' title='bbox 557 2716 684 2803; x_wconf 74' lang='grc' dir='ltr'><strong><em>μὲν</em></strong></span> <span class='ocrx_word' id='word_1_177' title='bbox 709 2715 829 2785; x_wconf 86' lang='grc' dir='ltr'><strong><em>τὸν</em></strong></span> <span class='ocrx_word' id='word_1_178' title='bbox 850 2714 1145 2806; x_wconf 84' lang='grc' dir='ltr'><strong><em>Ὀρφέως</em></strong></span> <span class='ocrx_word' id='word_1_179' title='bbox 1174 2717 1387 2805; x_wconf 78' lang='grc' dir='ltr'><strong><em>εἶχον,</em></strong></span> <span class='ocrx_word' id='word_1_180' title='bbox 1419 2708 1475 2784; x_wconf 70' lang='grc' dir='ltr'><em>ὦ</em></span> <span class='ocrx_word' id='word_1_181' title='bbox 1501 2716 1730 2805; x_wconf 89' lang='grc' dir='ltr'><strong><em>πάτερ,</em></strong></span> <span class='ocrx_word' id='word_1_182' title='bbox 1761 2715 1984 2802; x_wconf 84' lang='grc' dir='ltr'><strong><em>λόγον,</em></strong></span> <span class='ocrx_word' id='word_1_183' title='bbox 2121 2733 2247 2785; x_wconf 75' lang='grc'>1211</span> 
     </span>
     <span class='ocr_line' id='line_1_27' title="bbox 470 2815 2110 2910; baseline -0.002 -22"><span class='ocrx_word' id='word_1_184' title='bbox 470 2824 746 2888; x_wconf 82' lang='grc' dir='ltr'><strong><em>πείθειν</em></strong></span> <span class='ocrx_word' id='word_1_185' title='bbox 771 2815 1121 2910; x_wconf 57' lang='grc' dir='ltr'><strong><em>ἐπᾴδους’,</em></strong></span> <span class='ocrx_word' id='word_1_186' title='bbox 1153 2815 1329 2889; x_wconf 72' lang='grc' dir='ltr'><strong><em>ὥσθ’</em></strong></span> <span class='ocrx_word' id='word_1_187' title='bbox 1361 2815 1679 2908; x_wconf 78' lang='grc' dir='ltr'><strong><em>ὁμαρτεῖν</em></strong></span> <span class='ocrx_word' id='word_1_188' title='bbox 1706 2844 1819 2905; x_wconf 92' lang='grc' dir='ltr'><strong><em>μοι</em></strong></span> <span class='ocrx_word' id='word_1_189' title='bbox 1847 2820 2110 2907; x_wconf 86' lang='grc' dir='ltr'><strong><em>πέτρας,</em></strong></span> 
     </span>
     <span class='ocr_line' id='line_1_28' title="bbox 473 2916 1883 3009; baseline -0.001 -20"><span class='ocrx_word' id='word_1_190' title='bbox 473 2929 709 3009; x_wconf 77' lang='grc' dir='ltr'><strong><em>κηλεῖν</em></strong></span> <span class='ocrx_word' id='word_1_191' title='bbox 735 2948 806 2989; x_wconf 88' lang='grc' dir='ltr'><strong><em>τε</em></strong></span> <span class='ocrx_word' id='word_1_192' title='bbox 840 2936 976 3000; x_wconf 79' lang='grc' dir='ltr'><strong><em>τοῖς</em></strong></span> <span class='ocrx_word' id='word_1_193' title='bbox 1001 2920 1307 3008; x_wconf 82' lang='grc' dir='ltr'><strong><em>λόγοισιν</em></strong></span> <span class='ocrx_word' id='word_1_194' title='bbox 1336 2916 1459 2999; x_wconf 69' lang='grc' dir='ltr'><strong><em>οὓς</em></strong></span> <span class='ocrx_word' id='word_1_195' title='bbox 1487 2919 1883 3009; x_wconf 83' lang='grc' dir='ltr'><strong><em>ἐβουλόμην,</em></strong></span> 
     </span>
    </p>

    <p class='ocr_par' dir='ltr' id='par_1_14' title="bbox 476 3013 2256 3316">
     <span class='ocr_line' id='line_1_29' title="bbox 476 3013 2023 3111; baseline -0.001 -20"><span class='ocrx_word' id='word_1_196' title='bbox 476 3020 755 3092; x_wconf 83' lang='grc' dir='ltr'><strong><em>ἐνταῦθ’</em></strong></span> <span class='ocrx_word' id='word_1_197' title='bbox 790 3017 875 3092; x_wconf 75' lang='grc' dir='ltr'><strong><em>άν</em></strong></span> <span class='ocrx_word' id='word_1_198' title='bbox 900 3013 1140 3111; x_wconf 84' lang='grc' dir='ltr'><strong><em>ἦλθον.</em></strong></span> <span class='ocrx_word' id='word_1_199' title='bbox 1177 3032 1313 3093; x_wconf 85' lang='grc' dir='ltr'><strong><em>νῦν</em></strong></span> <span class='ocrx_word' id='word_1_200' title='bbox 1340 3023 1417 3092; x_wconf 73' lang='grc' dir='ltr'><strong><em>δὲ</em></strong></span> <span class='ocrx_word' id='word_1_201' title='bbox 1441 3018 1597 3091; x_wconf 78' lang='grc' dir='ltr'><strong><em>τάπ’</em></strong></span> <span class='ocrx_word' id='word_1_202' title='bbox 1628 3027 1794 3110; x_wconf 83' lang='grc' dir='ltr'><strong><em>ἐμοῦ</em></strong></span> <span class='ocrx_word' id='word_1_203' title='bbox 1822 3021 2023 3107; x_wconf 84' lang='grc' dir='ltr'><strong><em>σοφά,</em></strong></span> 
     </span>
     <span class='ocr_line' id='line_1_30' title="bbox 478 3120 2256 3215; baseline -0.003 -22"><span class='ocrx_word' id='word_1_204' title='bbox 478 3124 740 3215; x_wconf 87' lang='grc' dir='ltr'><strong><em>δάκρυα</em></strong></span> <span class='ocrx_word' id='word_1_205' title='bbox 768 3127 1028 3214; x_wconf 81' lang='grc' dir='ltr'><strong><em>παρέξω</em></strong></span> <span class='ocrx_word' id='word_1_206' title='bbox 1046 3148 1060 3162; x_wconf 95' lang='grc'><em>·</em></span> <span class='ocrx_word' id='word_1_207' title='bbox 1091 3131 1303 3194; x_wconf 80' lang='grc' dir='ltr'><strong><em>ταῦτα</em></strong></span> <span class='ocrx_word' id='word_1_208' title='bbox 1328 3123 1456 3213; x_wconf 77' lang='grc' dir='ltr'><strong><em>γὰρ</em></strong></span> <span class='ocrx_word' id='word_1_209' title='bbox 1486 3120 1853 3212; x_wconf 87' lang='grc' dir='ltr'><strong><em>δυναίμεθ’</em></strong></span> <span class='ocrx_word' id='word_1_210' title='bbox 1885 3120 1989 3192; x_wconf 73' lang='grc' dir='ltr'><strong><em>ἄν.</em></strong></span> <span class='ocrx_word' id='word_1_211' title='bbox 2126 3138 2256 3189; x_wconf 80' lang='lat'>1215</span> 
     </span>
     <span class='ocr_line' id='line_1_31' title="bbox 479 3225 1745 3316; baseline 0.002 -23"><span class='ocrx_word' id='word_1_212' title='bbox 479 3232 822 3316; x_wconf 78' lang='grc' dir='ltr'><strong><em>ίκετηρίαν</em></strong></span> <span class='ocrx_word' id='word_1_213' title='bbox 842 3227 918 3296; x_wconf 73' lang='grc' dir='ltr'><strong><em>δὲ</em></strong></span> <span class='ocrx_word' id='word_1_214' title='bbox 943 3225 1225 3315; x_wconf 89' lang='grc' dir='ltr'><strong><em>γόνασιν</em></strong></span> <span class='ocrx_word' id='word_1_215' title='bbox 1255 3227 1507 3310; x_wconf 81' lang='grc' dir='ltr'><strong><em>ἐξάπτω</em></strong></span> <span class='ocrx_word' id='word_1_216' title='bbox 1536 3230 1745 3296; x_wconf 88' lang='grc' dir='ltr'><strong><em>σέθεν</em></strong></span> 
     </span>
    </p>

    <p class='ocr_par' dir='ltr' id='par_1_15' title="bbox 476 3325 1868 3419">
     <span class='ocr_line' id='line_1_32' title="bbox 476 3325 1868 3419; baseline 0 -23"><span class='ocrx_word' id='word_1_217' title='bbox 476 3326 551 3397; x_wconf 89' lang='grc' dir='ltr'><strong><em>τὸ</em></strong></span> <span class='ocrx_word' id='word_1_218' title='bbox 579 3335 769 3416; x_wconf 75' lang='grc' dir='ltr'><strong><em>σῶμα</em></strong></span> <span class='ocrx_word' id='word_1_219' title='bbox 794 3325 1080 3416; x_wconf 77' lang='grc' dir='ltr'><strong><em>τούμόν,</em></strong></span> <span class='ocrx_word' id='word_1_220' title='bbox 1114 3325 1281 3419; x_wconf 78' lang='grc' dir='ltr'><strong><em>ὅπερ</em></strong></span> <span class='ocrx_word' id='word_1_221' title='bbox 1310 3336 1567 3398; x_wconf 81' lang='grc' dir='ltr'><strong><em>ἔτικτεν</em></strong></span> <span class='ocrx_word' id='word_1_222' title='bbox 1596 3325 1719 3416; x_wconf 78' lang='grc' dir='ltr'><strong><em>ἥδε</em></strong></span> <span class='ocrx_word' id='word_1_223' title='bbox 1740 3348 1868 3413; x_wconf 91' lang='grc' dir='ltr'><strong><em>σοι,</em></strong></span> 
     </span>
    </p>

    <p class='ocr_par' dir='ltr' id='par_1_16' title="bbox 481 3426 2215 3621">
     <span class='ocr_line' id='line_1_33' title="bbox 481 3426 1917 3520; baseline -0.001 -22"><span class='ocrx_word' id='word_1_224' title='bbox 481 3430 570 3517; x_wconf 84' lang='grc' dir='ltr'><strong><em>μή</em></strong></span> <span class='ocrx_word' id='word_1_225' title='bbox 597 3426 668 3517; x_wconf 92' lang='grc' dir='ltr'><strong><em>μ’</em></strong></span> <span class='ocrx_word' id='word_1_226' title='bbox 703 3426 1030 3520; x_wconf 78' lang='grc' dir='ltr'><strong><em>ἀπολέσῃς</em></strong></span> <span class='ocrx_word' id='word_1_227' title='bbox 1058 3427 1315 3518; x_wconf 72' lang='grc' dir='ltr'><strong><em>ἄωρον·</em></strong></span> <span class='ocrx_word' id='word_1_228' title='bbox 1346 3428 1479 3519; x_wconf 77' lang='grc' dir='ltr'><strong><em>ἡδὺ</em></strong></span> <span class='ocrx_word' id='word_1_229' title='bbox 1508 3428 1637 3518; x_wconf 78' lang='grc' dir='ltr'><strong><em>γὰρ</em></strong></span> <span class='ocrx_word' id='word_1_230' title='bbox 1665 3429 1740 3498; x_wconf 89' lang='grc' dir='ltr'><strong><em>τὸ</em></strong></span> <span class='ocrx_word' id='word_1_231' title='bbox 1771 3436 1917 3517; x_wconf 77' lang='grc' dir='ltr'><strong><em>φῶς</em></strong></span> 
     </span>
     <span class='ocr_line' id='line_1_34' title="bbox 481 3522 2215 3621; baseline -0.005 -22"><span class='ocrx_word' id='word_1_232' title='bbox 481 3532 824 3601; x_wconf 83' lang='grc' dir='ltr'><strong><em>λεύσσειν·</em></strong></span> <span class='ocrx_word' id='word_1_233' title='bbox 855 3529 935 3600; x_wconf 78' lang='grc' dir='ltr'><strong><em>τὰ</em></strong></span> <span class='ocrx_word' id='word_1_234' title='bbox 967 3529 1035 3601; x_wconf 81' lang='grc' dir='ltr'><strong><em>δ’</em></strong></span> <span class='ocrx_word' id='word_1_235' title='bbox 1068 3528 1203 3601; x_wconf 82' lang='grc' dir='ltr'><strong><em>ὑπὸ</em></strong></span> <span class='ocrx_word' id='word_1_236' title='bbox 1232 3540 1353 3621; x_wconf 79' lang='grc' dir='ltr'><strong><em>γῆς</em></strong></span> <span class='ocrx_word' id='word_1_237' title='bbox 1387 3531 1477 3620; x_wconf 85' lang='grc' dir='ltr'><strong><em>μή</em></strong></span> <span class='ocrx_word' id='word_1_238' title='bbox 1504 3528 1577 3617; x_wconf 85' lang='grc' dir='ltr'><strong><em>μ’</em></strong></span> <span class='ocrx_word' id='word_1_239' title='bbox 1614 3536 1787 3597; x_wconf 79' lang='grc' dir='ltr'><strong><em>ἰδεῖν</em></strong></span> <span class='ocrx_word' id='word_1_240' title='bbox 1814 3522 2215 3615; x_wconf 81' lang='grc' dir='ltr'><strong><em>ἀναγκάσῃς.</em></strong></span> 
     </span>
    </p>
   </div>
  </div>
 </body>
</html>
