2534 3917
332 211 455 276 132
1240 201 1410 262 IszN

564 379 791 505 ὀρθῶς
821 384 1097 466 ἔκρανε,
1130 373 1245 442 καὶ
1273 365 1526 458 συνῆψ’
1560 372 1714 455 ἐμοί
1731 393 1805 435 τε
1831 367 1927 452 σέ,
2247 377 2358 434 570

561 483 647 553 σύ
674 478 735 550 τ’
768 509 859 549 αυ
885 477 967 549 τὰ
994 470 1275 566 φίλταθ’
1299 463 1505 561 ηὗρες
1530 466 1658 539 οὐκ
1691 465 1886 547 εἰδως
1915 466 2143 556 πάρος.

564 581 605 654 ὂ
634 580 699 653 δ’
732 574 892 672 ᾖξας
921 577 1182 670 ὀρθῶς,
1212 582 1412 644 τοῦτο
1441 569 1599 660 καμ’
1634 578 1766 659 ἔχει
1794 569 2030 654 πόθος,

566 683 747 765 ὅπως
776 685 863 754 σύ
893 680 979 769 τ’,
1011 709 1063 750 ω
1098 694 1251 766 παῖ,
1283 672 1512 765 μητέρ’
1551 671 1860 763 εὑρήσεις
1886 671 2115 757 σέθεν,

568 787 701 876 ἐγώ
728 783 805 856 θ’
839 782 1074 863 ὁποίας
1104 809 1216 869 μοι
1244 774 1568 868 γυναικὸς
1597 779 1856 864 ἐξέφυς.
2234 761 2243 767 ’

566 889 787 980 χρόνῳ
817 889 892 957 δὲ
920 884 1153 964 δόντες
1182 877 1370 951 ταῦτ’
1404 889 1562 959 ἴσως
1591 875 1907 967 εὕροιμεν
1937 901 2041 942 αν.
2255 887 2364 941 575

571 989 716 1062 ἀλλ’
754 985 1045 1059 ε’κλιπων
1070 990 1246 1056 θεοῦ
1275 977 1512 1052 δάπεδ’
1552 977 1868 1069 ἀλητείαν
1895 1003 1967 1045 τε
1993 972 2123 1063 σὴν

572 1101 668 1175 εἰς
696 1091 813 1172 τὰς
834 1088 1125 1179 Ἀθήνας
1154 1101 1370 1173 στεῖχε
1403 1083 1795 1174 κοινόφρων
1815 1085 2038 1167 πατρί,

574 1186 659 1266 οὗ
686 1191 751 1264 σ’
786 1190 1023 1282 όλβιον
1052 1190 1177 1278 μὲν
1206 1197 1548 1276 σκῆπτρον
1575 1182 1895 1272 ἀναμένει
1923 1178 2192 1269 πατρός,

574 1294 785 1376 πολὺς
814 1295 891 1364 δὲ
922 1299 1239 1373 πλοῦτος·
1281 1285 1445 1360 οὐδὲ
1471 1288 1768 1377 θάτερον
1797 1289 2022 1353 νοσῶν

577 1407 775 1469 δυοῖν
801 1395 1111 1483 κεκλήσει
1137 1388 1472 1481 δυσγενὴς
1499 1392 1705 1477 πένης
1730 1382 1809 1455 θ’
1844 1412 1999 1472 αμα,
2258 1399 2371 1452 580

578 1498 725 1570 ἀλλ’
764 1495 1046 1586 εὐγενής
1073 1524 1145 1565 τε
1171 1496 1287 1564 καὶ
1319 1491 1766 1580 πολυκτήμων
1792 1495 1970 1576 βίου.

580 1608 807 1694 σιγᾷς·
789 1652 808 1685 ,
836 1608 910 1669 τί
930 1595 1098 1690 πρὸς
1125 1604 1255 1686 γῆν
1281 1622 1462 1685 ομμα
1487 1592 1614 1664 σὸν
1638 1588 1870 1684 βαλών
1897 1596 2065 1676 ἔχεις

584 1711 677 1784 εἰς
710 1705 1080 1794 φροντίδας
1106 1697 1173 1768 τ’
1210 1695 1547 1786 ἀπῆλθες,
1579 1699 1654 1766 ἐκ
1687 1693 1762 1766 δὲ
1787 1697 2122 1782 χαρμονῆς

581 1807 784 1876 πάλιν
810 1800 1133 1894 μεταστάς
1160 1807 1358 1888 δεῖμα
1385 1799 1828 1890 προσβάλλεις
1853 1801 2087 1883 πατρίς

352 1918 549 1982 ΙΩΝ.
584 1935 669 1978 ου
699 1904 951 1978 ταυτὸν
984 1903 1159 1986 εἶδος
1190 1910 1505 1993 φαίνεται
1539 1907 1677 1970 τῶν
1705 1895 2112 1989 πραγμάτων
2265 1907 2375 1962 585

587 2010 951 2101 πρόσωθεν
976 2003 1195 2076 όντων
1228 2003 1526 2095 ἐγγυθεν
1559 1998 1634 2071 θ’
1676 1997 2054 2090 ὁρωμένων.

588 2111 719 2202 ἐγώ
749 2112 825 2182 δὲ
852 2109 977 2237 την
1004 2109 1129 2197 μὲν
1156 2104 1519 2198 συμφορὰν
1553 2100 1936 2187 ἀσπάζομαι,

586 2216 837 2305 πατέρα
866 2209 931 2282 σ’
971 2207 1316 2302 ἀνευρών·
1355 2235 1453 2277 ων
1482 2205 1558 2276 δε
1585 2201 1932 2295 γιγνωσκω
1959 2199 2110 2289 πέρι

588 2310 902 2384 ακουσον.
942 2312 1124 2384 εἶναί
1152 2332 1319 2402 φασι
1345 2337 1462 2390 τας
1490 2304 1904 2396 αὐτόχθονας

588 2413 856 2497 κλεινὰς
882 2411 1175 2504 Ἀθήνας
1205 2411 1334 2484 οὐκ
1365 2417 1760 2484 ἐπείσακτον
1788 2409 2000 2497 γένος,
2267 2417 2378 2472 590

588 2514 682 2587 ἵν’
722 2523 1155 2604 εἰσπεσοῦμαι
1183 2517 1309 2587 δυο
1336 2515 1518 2587 νόσω
1551 2513 1974 2600 κεκτημένος,

597 2618 861 2743 πατρόςω
871 2615 934 2689 τ’
972 2623 1265 2690 ἐπακτοῦ
1295 2614 1542 2697 καυτός
1575 2643 1672 2684 ων
1705 2609 2110 2700 νοθαγενής.

591 2721 705 2792 καὶ
738 2718 923 2792 τοῦτ’
958 2729 1131 2811 ἔχων
1156 2719 1538 2806 τουνειδος,
1576 2712 1868 2802 ἀσθενὴς
1895 2741 2020 2801 μεν
2049 2739 2168 2798 ων,

592 2837 627 2876 *
660 2837 693 2876 *
722 2836 758 2876 *
784 2825 999 2912 μηδὲν
1026 2819 1376 2894 κουδένων
1409 2820 1844 2910 κεκλήσομαι·

592 2921 680 3013 ἢν
711 2923 776 2993 δ’
812 2932 906 3006 εἰς
935 2923 1007 2993 τὸ
1036 2951 1305 3013 πρωτον
1329 2924 1569 3004 πόλεος
1599 2917 1925 3011 ὁρμηθεὶς
1952 2913 2159 3004 ζυγὸν
2276 2929 2384 2984 595

594 3032 765 3115 ζητῶ
794 3053 893 3106 τις
924 3025 1131 3113 εἶναι,
1160 3033 1298 3095 τῶν
1324 3026 1448 3114 μὲν
1478 3020 1839 3095 ἀδυνάτων
1873 3017 2008 3089 ’ὕπο

592 3127 1089 3216 μισησόμεσθα·
1122 3126 1348 3217 λυπρὰ
1381 3126 1510 3218 γὰρ
1541 3125 1622 3195 τὰ
1651 3132 2044 3213 κρείσσονα·

592 3226 739 3299 ὅσοι
773 3229 849 3298 δὲ
876 3229 1147 3321 χρηστοὶ
1176 3229 1552 3318 δυνάμενοί
1577 3224 1638 3297 τ’
1674 3226 1849 3296 εἶναι
1877 3221 2078 3311 σοφοὶ

592 3338 829 3420 σιγῶσι
856 3327 983 3402 κού
1015 3331 1429 3402 σπεύδουσιν
1461 3337 1554 3410 είς
1579 3327 1662 3399 τὰ
1695 3328 2070 3420 πράγματα,

591 3431 829 3522 γέλωτ’
863 3437 938 3504 ἐν
972 3430 1199 3515 αὐτοῖς
1229 3438 1494 3524 μωρίαν
1523 3459 1594 3501 τε
1622 3431 1917 3520 λήψομαι
2275 3439 2384 3494 600

598 3531 723 3622 οὐχ
750 3531 1099 3624 ἡσυχάζων
1128 3538 1203 3604 ἐν
1232 3535 1424 3605 πόλει
1451 3533 1676 3622 φόβου
1704 3536 1895 3624 πλέᾳ.
