2534 3917
253 366 369 428 ΑΙ.

249 570 417 630 ΜΗ.

355 716 368 730 .
477 659 519 731 ὁὶ
547 678 720 732 τοῖσι
751 668 1160 751 δυσσεβοῦσι
1189 670 1491 751 γίγνεται
1518 671 1801 752 βροτῶν.
2160 681 2263 734 755

248 773 419 834 ΜΗ.

246 1079 390 1141 ΧΟ.

251 1587 416 1650 ΜΗ.

1059 187 1415 244 ΜΗΔΕΙΛ
1892 137 1899 142 ·
2139 187 2267 250 219

479 353 729 446 ὄμνυμι
755 363 899 444 Γῆν
926 359 1038 424 καὶ
1065 355 1375 445 λαμπρὸν
1392 353 1624 427 Ἡλίου
1654 357 1825 446 φάος

479 457 686 538 θεούς
713 485 784 527 τε
815 458 1067 538 πάντας
1095 462 1405 546 ἐμμενεῖν
1435 456 1477 527 ἅ
1504 480 1631 528 σου
1659 459 1865 528 κλύω.

477 558 697 650 ἀρκεῖ·
727 568 798 628 τί
822 557 888 629 δ’
923 557 1102 653 ὅρκῳ
1130 567 1307 653 τῷδε
1334 559 1425 650 μὴ
1446 559 1745 650 ’μμένων
1772 561 2056 646 πάθοις;

478 772 734 855 χαίρων
755 764 1057 855 πορεύου
1080 787 1096 804 ·
1127 765 1346 836 πάντα
1372 764 1500 855 γὰρ
1529 773 1747 847 καλῶς
1776 773 1929 854 ἔχει.

481 863 666 954 κάγῶ
697 867 895 937 πόλιν
924 866 1052 954 σὴν
1080 863 1168 948 ῶς
1194 865 1452 956 τάχιστ’
1486 865 1825 994 ἀφίξομαι,

479 966 761 1057 πράξασ’
797 965 838 1038 ἃ
827 967 1084 1057 ’μέλλω
1112 972 1226 1040 καὶ
1253 967 1529 1058 τυχοῦσ’
1565 967 1608 1039 ἁ
1634 971 1983 1058 βούλομαι.

477 1067 643 1138 ἄλλά
672 1068 736 1139 σ’
772 1067 808 1141 ὅ
837 1078 1070 1152 Μαίας
1099 1088 1431 1161 πομπαῖος
1461 1069 1623 1154 άναξ

479 1172 787 1242 πελάσειε
815 1173 1076 1261 δόμοις,
1107 1163 1206 1242 ῶν
1233 1170 1293 1242 τ’
1329 1177 1637 1244 ἐπίνοιαν
2156 1187 2263 1243 760

480 1274 797 1356 σπεύδεις
825 1278 1124 1363 κατέχων
1152 1276 1499 1366 πράξειας,
1532 1278 1677 1344 ἐπεὶ

478 1393 789 1463 γενναῖος
820 1375 1015 1468 ἀνήρ,

475 1485 728 1566 Αίγεῦ,
757 1477 918 1568 παρ’
952 1483 1099 1568 ἐμοὶ
1128 1473 1509 1568 δεδόκησαι.

477 1609 528 1648 ω
559 1587 693 1650 Ζεῦ
720 1589 900 1669 Δίκη
931 1608 1002 1651 τε
1028 1582 1244 1670 Ζηνὸς
1262 1575 1494 1652 Ἡλίου
1521 1608 1593 1650 τε
1621 1588 1789 1669 φῶς,

478 1690 610 1752 νῦν
635 1691 1012 1753 καλλίνικοι
1040 1692 1176 1753 τῶν
1205 1689 1386 1772 ἐμῶν
1414 1689 1715 1773 ἐχθρῶν,
1747 1690 1960 1770 φίλαι,
2158 1694 2259 1751 765

475 1785 944 1874 γενησόμεσθα
972 1793 1112 1866 κείς
1139 1783 1305 1856 ὁδὸν
1332 1785 1745 1875 βεβήκαμεν·

477 1895 609 1956 νῦν
683 1889 866 1968 ἐλπὶς
949 1887 1240 1977 ἐχθροὺς
1265 1886 1425 1968 τοὺς
1454 1885 1655 1975 ἐμοὺς
1682 1893 1893 1955 τίσειν
1923 1891 2140 1972 δίκην.

480 1981 677 2070 οὗτος
703 1988 833 2079 γὰρ
865 1987 1037 2079 ἁνὴρ
1066 1982 1110 2080 ᾖ
1136 1986 1401 2078 μάλιστ’
1437 1988 1811 2077 ἐκάμνομεν

477 2091 680 2181 λιμὴν
708 2095 1042 2179 πέφανται
1063 2099 1199 2160 τῶν
1225 2095 1407 2180 ἐμῶν
1435 2090 1948 2180 βουλευμάτων’

482 2196 555 2262 ἐκ
583 2192 774 2263 τοῦδ’
810 2192 1253 2283 άναψόμεσθα
1282 2193 1680 2284 πρυμνήτην
1700 2191 1946 2278 κάλων,
2156 2205 2261 2260 770

478 2295 792 2383 μολόντες
819 2293 988 2365 ἄστυ
1013 2299 1128 2366 καὶ
1155 2296 1447 2384 πόλισμα
1472 2295 1847 2374 Παλλάδος.

344 2466 352 2474 .
475 2393 604 2486 ἤδη
638 2397 714 2466 δὲ
742 2397 959 2467 πάντα
984 2395 1158 2488 τάμά
1185 2421 1293 2468 σοι
1320 2397 1745 2487 βουλεύματα

476 2502 640 2582 λέξω
661 2521 675 2535 ·
708 2503 912 2586 δέχου
941 2501 1017 2569 δὲ
1041 2500 1132 2588 μὴ
1163 2498 1331 2590 πρὸς
1356 2496 1614 2588 ἡδονὴν
1643 2499 1909 2586 λόγους.

480 2597 774 2689 πέμψασ’
813 2605 992 2689 ἐμῶν
1019 2599 1152 2670 τιν’
1189 2609 1471 2672 οἰκετῶν
1490 2599 1747 2671 Ἰάσονα

479 2709 572 2782 εἰς
599 2699 760 2785 ὄψιν
789 2707 1021 2773 ἐλθεῖν
1051 2704 1174 2792 τὴν
1202 2703 1368 2792 ἐμὴν
1396 2703 1746 2790 αἰτήσομαι
1763 2723 1778 2738 ·
2158 2714 2260 2769 775

475 2803 749 2892 μολόντι
779 2803 844 2874 δ’
879 2803 1062 2898 αὐτῷ
1089 2804 1483 2894 μαλθακοὺς
1509 2807 1674 2886 λέξω
1702 2803 1966 2890 λόγους,

479 2904 568 2987 ῶς
596 2910 711 2976 καὶ
740 2913 932 2978 δοκεῖ
953 2936 1064 2996 μοι
1093 2915 1304 2978 ταῦτα
1330 2910 1444 2977 καὶ
1470 2913 1691 2987 καλῶς
1719 2913 1874 2992 ἔχει,

479 3010 758 3098 [γάμους
789 3011 1146 3100 τυρόψνων
1175 3008 1295 3092 οὒς
1323 3008 1619 3100 προδοὺς
1644 3005 1814 3097 ἡμᾶς
1844 3014 1976 3094 ἔχει

475 3114 590 3180 καὶ
617 3109 912 3201 ξύμφορ’
949 3113 1120 3182 εἶναι
1151 3116 1264 3184 καὶ
1294 3120 1512 3195 καλῶς
1541 3113 1930 3200 ἐγνωσμένα
1945 3113 1983 3192 ·]

477 3219 718 3294 παῖδας
747 3214 824 3282 δὲ
849 3230 1072 3301 μεῖναι
1101 3214 1258 3296 τοὺς
1287 3215 1489 3304 ἐμοὺς
1516 3207 1891 3302 αἰτήσομαι,
2157 3223 2261 3279 780

481 3312 605 3402 οὐχ
636 3311 724 3393 ῶς
755 3321 926 3383 λίπω
958 3336 1089 3402 σφε
1119 3321 1439 3400 πολεμίας
1470 3316 1581 3381 ἐπὶ
1611 3311 1862 3397 χθονός

480 3419 802 3500 [ἐχθροῖσι
819 3425 1056 3498 παῖδας
1078 3416 1235 3499 τοὺς
1263 3415 1465 3506 ἐμοὺς
1491 3418 1956 3506 καθυβρίσαι],

478 3515 626 3588 ἀλλ’
662 3514 751 3598 ὥς
783 3518 1040 3615 δόλοισι
1069 3527 1275 3588 παῖδα
1305 3521 1630 3607 βασιλέως
1658 3518 1900 3586 κτάνω.
