2534 3917
303 217 427 281 102

774 219 1233 278 ΙΦΙΓΕΝΕΙΑ
1268 221 1333 276 Η
1372 221 1491 278 EN
1540 220 1901 278 ΤΑΥΡΟΙΣ

538 387 730 477 χθων
764 387 1171 458 ἐτεκνώσατο
1213 384 1506 476 φάσματ’
1545 383 1854 477 ὀνείρων,

544 498 611 561 οἳ
640 493 915 561 πολέσιν
941 488 1258 580 μερόπων
1290 489 1373 558 τά
1400 517 1473 559 τε
1507 497 1737 580 πρῶτα

544 592 621 662 ‘ca'
655 590 716 661 τ’
756 590 979 663 ἔπειθ’
1010 593 1112 663 ὅσ’
1149 599 1381 680 ἔμελλε
1413 604 1636 677 τυχεῖν

544 692 764 766 ὕπνου
790 693 959 765 κατὰ
990 692 1326 783 δνοφερὰς

544 793 747 877 εύνάς
780 796 1068 888 φράζον·
1102 803 1275 866 Γαῖα
1308 795 1383 864 δὲ
1413 795 1539 864 τάν

540 906 874 986 μαντείων
904 895 1218 988 ἀφείλετο
1251 897 1454 986 τιμὰν

544 1009 796 1089 Φοῖβον
829 1001 1075 1093 φθόνῳ
1107 999 1480 1090 θυγατρός·

544 1102 876 1191 ταχύπους
909 1099 976 1173 δ’
1015 1108 1082 1184 ἐς
1108 1099 1462 1190 ’Όλυμπον
1497 1097 1822 1191 ὁρμαθεὶς
1851 1097 2014 1186 ἅναξ

540 1208 696 1297 χέρα
723 1203 1014 1277 παιδνὸν
1032 1202 1262 1291 ὄρεξεν
1290 1211 1384 1285 εἰς
1414 1215 1592 1274 Δῖον
1622 1203 1885 1294 θρόνον

540 1316 832 1379 Πυθίων
866 1309 1096 1396 δόμων
1121 1313 1403 1394 χθονίας
1429 1304 1603 1396 ἆφε-

540 1420 684 1480 ,λεῖν
718 1417 884 1491 θεᾶς
913 1417 1117 1498 μῆνιν
1146 1419 1423 1497 νυχίους
1453 1409 1514 1478 τ’
1550 1409 1815 1489 ἐνοπάς.

544 1516 779 1602 γέλασε
813 1508 906 1599 δ’,
942 1508 1047 1583 ὅτι
1077 1513 1259 1593 τέκος
1300 1506 1484 1601 ἄφαρ
1521 1518 1642 1599 ἔβα

536 1612 923 1703 πολύχρυσα
950 1616 1177 1684 θέλων
1205 1612 1624 1704 λατρεύματα
1653 1629 1837 1701 σχεῖν
1854 1634 1869 1650 ·

540 1718 647 1786 ἐπὶ
676 1712 740 1786 δ’
776 1722 1032 1786 ἔσεισεν
1053 1714 1294 1804 κόμαν,

540 1825 795 1888 παῦσεν
818 1825 1094 1907 νυχίους
1128 1819 1467 1904 ὀνείρους,

540 1917 668 1991 ἀπὸ
703 1927 777 1992 δὲ
820 1931 1217 1994 λαθοσύναν

536 2022 896 2095 νυκτωπὸν
921 2026 1168 2106 ἐξεῖλεν
1201 2028 1486 2113 βροτῶν,

538 2129 649 2194 καὶ
676 2125 867 2214 τιμὰς
896 2125 1099 2194 πάλιν

536 2235 709 2314 θῆκε
738 2230 967 2317 Λοξία,

539 2328 908 2418 πολυανορι
934 2322 1000 2396 δ’
1040 2330 1113 2396 ἐν
1139 2325 1436 2410 ξενόεντι
1462 2328 1698 2423 θρόνω

536 2428 755 2552 θαρση
791 2437 1057 2520 βροτοῖς
1087 2429 1456 2519 θεσφάτων
1490 2427 1768 2513 ἀοιδαῖς.

304 2548 356 2598 A
372 2542 488 2598 [Ἱῖ
532 2521 584 2599 ῡῖ
617 2531 1045 2621 ναοφύλακες
1073 2531 1324 2622 βώμιοί
1355 2529 1418 2603 τ’
1457 2534 1818 2619 ἐπισταται,

312 2954 444 3010 ΧΗ-
544 2949 613 3010 τί
640 2938 708 3009 δ’
746 2948 963 3027 ἔστιν,
1003 2949 1068 3012 εἰ
1094 2938 1220 3032 χρὴ
1255 2939 1346 3031 μὴ
1381 2950 1869 3012 κελευσθεῖσαν
1903 2943 2161 3028 λέγειν;

540 2634 713 2717 Θόας
740 2632 903 2718 αναξ
939 2642 1060 2726 γῆς
1088 2641 1291 2727 τῆσδε
1317 2641 1452 2706 ποῦ
1486 2651 1686 2726 κυρεῖ
1712 2633 1963 2724 βεβώςς

540 2736 787 2808 καλεῖτ’
828 2735 1324 2823 ἀναπτύξαντες
1360 2734 1747 2827 εὐγόμφους
1779 2736 1994 2816 πύλας

540 2844 658 2922 ἔξω
685 2839 1049 2930 μελάθρων
1083 2845 1301 2910 τῶνδε
1335 2847 1655 2930 κοίρανον
1687 2839 1958 2927 χθονός.

304 3058 360 3110 A
372 3054 424 3110 Γ
424 3054 490 3110 Γ4
544 3050 789 3130 βεβᾶσι·
809 3049 1104 3132 φροῦδοι
1133 3049 1442 3131 δίπτυχοι
1475 3051 1740 3114 νεανίαι

304 3462 440 3522 ΧΠ,

532 3146 1090 3235 Ἀγαμεμνονείας
1121 3143 1361 3226 παιδὸς
1395 3149 1467 3215 ἐκ
1501 3144 1985 3235 βουλευμάτων

540 3254 905 3338 φεύγοντες
925 3253 998 3314 ἐκ
1018 3253 1139 3333 γῆς
1165 3253 1367 3336 τῆσδε
1392 3251 1506 3317 καὶ
1538 3244 1790 3336 σεμνὸν
1822 3247 2060 3336 βρέτας

536 3348 852 3437 λαβόντες
885 3351 959 3418 ἐν
991 3349 1343 3420 κόλποισιν
1372 3346 1682 3431 Ἑλλάδος
1711 3347 1897 3429 νεώς.

540 3448 817 3521 ἄπιστον
846 3447 1034 3533 εἶπας
1061 3459 1323 3540 μῦθον·
1356 3447 1439 3520 ὃν
1471 3449 1538 3521 δ’
1577 3456 1749 3520 ἰδεῖν
1781 3451 2004 3528 θέλεις

540 3550 791 3623 ἄνακτα
820 3551 1072 3644 χώρας,
1110 3557 1411 3642 φροῦδος
1446 3557 1518 3622 ἐκ
1545 3559 1716 3622 ναοῦ
1747 3558 2004 3630 συθείς.

2186 614 2324 667 1265

2183 1120 2320 1175 1270

2180 1629 2313 1684 1275

2173 2139 2310 2192 1280

2178 2648 2306 2702 1285

2178 3159 2317 3212 1290
