2534 3917
324 187 405 248 66

331 869 468 931 ΧΟ.

322 2796 439 2858 ΙΦ.

740 191 1198 247 ΙΦΙΓΕΝΕΙΑ
1230 191 1304 248 Η
1334 192 1454 248 ΕΝ
1495 191 1862 250 ΤΑΤΡΟΙΣ

562 351 712 422 ἀλλ’
748 345 828 423 εὐ
856 352 983 444 γὰρ
1016 354 1232 442 εἶπας,
1265 358 1600 424 πειστέον·
1630 375 1877 444 χωρεῖν
1905 359 2123 448 χρεών

556 454 709 525 ὅποι
736 455 987 544 χθονὸς
1013 457 1360 545 κρύψαντε
1385 457 1676 544 λήσομεν
1705 462 1928 544 δέμας.

555 555 638 626 οὐ
667 557 795 647 γὰρ
825 555 901 626 τὸ
929 564 1053 634 τοῦ
1081 565 1253 627 θεοῦ
1291 555 1358 646 γ’
1392 569 1607 627 αἴτιον
1645 561 1994 648 γενήσεται

556 675 786 728 πεσεῖν
816 655 1150 747 ἄκραντον
1177 661 1557 748 θέσφατον·
1589 665 1981 748 τολμητέον·

552 761 803 847 μόχθος
830 759 959 849 γὰρ
988 757 1216 840 οὐδεὶς
1242 777 1379 841 τοῖς
1405 764 1585 842 νέοις
1611 771 1864 850 σκῆψιν
1893 766 2105 853 φέρει.

552 859 940 950 εὐφαμεῖτ’,
974 890 1025 930 ω

552 963 805 1032 πόντου
832 961 1063 1043 δισσὰς
1090 964 1566 1053 συγχωρούσας

555 1066 797 1154 πέτρας
823 1061 1159 1146 Εὐξείνου
1186 1073 1510 1146 ναίοντες.

556 1157 610 1234 ὦ
635 1181 763 1235 παῖ
782 1174 897 1246 τᾶς
923 1173 1206 1253 Λατοῦς,

558 1265 881 1338 Δίκτυνν’
914 1265 1177 1358 οὐρεία,

554 1367 721 1456 πρὸς
747 1367 875 1438 σὰν
904 1367 1119 1438 αὐλάν
1133 1420 1152 1456 ,
1194 1367 1537 1440 εὐστύλων

551 1476 737 1538 ναῶν
763 1469 1116 1561 χρυσήρεις
1144 1471 1496 1560 θριγκούς,

552 1570 727 1639 πόδα
754 1574 1131 1661 παρθένιον
1156 1568 1349 1640 ὅσιον
1377 1570 1564 1652 ὁσίας

553 1672 931 1760 κλῃδούχου
960 1673 1173 1742 δούλα
1200 1676 1456 1762 πέμπω,

545 1770 855 1854 Ἑλλάδος
886 1771 1180 1844 εὐίππου
1208 1774 1512 1863 πύργους

555 1877 669 1943 καὶ
694 1883 875 1964 τείχη
902 1876 1162 1965 χόρτων
1190 1872 1251 1944 τ’
1287 1874 1673 1966 εὐδένδρων

554 1974 941 2060 ἐξαλλάξασ’
970 1975 1337 2069 Εὐρώπαν,

552 2077 883 2170 πατρῴων
908 2089 1114 2148 οἴκων
1142 2083 1359 2166 ἕδρας.

554 2186 827 2266 ἔμολον·
856 2188 928 2248 τί
947 2183 1140 2262 νέον;
1170 2187 1322 2248 τίνα
1351 2178 1660 2270 φροντίδ’
1695 2188 1896 2269 ἒχεις;

553 2288 625 2349 τί
647 2307 730 2367 με
757 2279 923 2369 πρὸς
951 2279 1157 2361 ναοὺς
1185 2277 1427 2368 ἄγαγες
1453 2278 1716 2370 ἄγαγες,

552 2371 607 2448 ὦ
636 2396 762 2450 παῖ
781 2388 904 2449 τοῦ
932 2389 1048 2460 τᾶς
1084 2390 1326 2472 Τροίας
1353 2383 1654 2472 πύργους

552 2482 869 2561 ἐλθόντος
895 2490 1128 2574 κλεινᾷ
1156 2481 1289 2551 σὺν
1315 2484 1505 2574 κώπᾳ

548 2582 935 2674 χιλιοναύτα
960 2601 1392 2674 μυριοτευχεῐ

550 2693 582 2729 *
617 2682 962 2775 Ἀτρειδᾶν
988 2694 1125 2756 τῶν
1152 2693 1476 2768 κλεινῶν;

548 2784 633 2855 cd)-
658 2792 897 2874 δμωαί,

553 2886 1046 2975 δυσθρηνήτοις
1076 2884 1165 2966 ὥς
1196 2887 1476 2976 θρήνοις

551 2993 882 3072 ἔγκειμαι,
916 2993 1033 3066 τᾶς
1070 2985 1197 3055 οὐκ
1232 2987 1577 3075 εὐμούσου

550 3088 807 3169 μολπᾶς
843 3081 1015 3169 βοὰν
1050 3083 1328 3170 ἀλύροις
1363 3090 1632 3175 ἐλέγοις,

547 3197 723 3278 αἰαῖ,
754 3195 1047 3278 κηδείοις
1077 3202 1344 3281 οἴκτοις,

544 3297 623 3360 αἴ
641 3318 754 3379 μοι
782 3291 1229 3380 συμβαίνουσ’
1262 3284 1433 3381 ἆται,

550 3391 889 3479 σύγγονον
916 3391 1088 3481 ἀμὸν
1114 3397 1645 3485 κατακλαιομένα

547 3501 745 3581 ζωᾶς,
778 3499 927 3563 οἵαν
958 3495 1199 3582 ἰδόμαν
1228 3493 1389 3577 ὅψιν
1417 3493 1703 3584 ὀνείρων

2131 581 2328 852 f

2226 1087 2328 1138 125

2227 1589 2326 1644 130

2223 1995 2322 2048 135

2215 2495 2320 2551 1'40

2219 3005 2322 3058 145

2219 3513 2322 3563 150
