2534 3917
1076 165 1229 224 TPsz
1240 168 1505 226 ΙΑΔΕΣ
2137 169 2261 232 363

472 336 806 425 βρέμοντα
833 335 1391 426 χρυσεοφάλαρον
1419 343 1708 408 ἔνοπλον
2158 357 2261 410 520

471 441 545 506 ἐν
574 435 817 517 πύλαις
846 433 1128 523 Ἀχαιοί·

473 536 604 608 ἀνά
632 535 697 606 δ’
731 538 1013 626 ἐβόασεν
1040 536 1207 620 λεώς

480 640 791 732 Τρωάδος
818 637 948 710 ἀπὸ
978 644 1221 732 πέτρας
1249 651 1553 726 σταθείς·

472 738 559 812 ἴτ’
594 733 649 810 ὦ
684 747 1100 831 πεπαυμένοι
1128 743 1381 833 πόνων,

473 841 617 913 τόδ’
654 843 839 934 ἱερὸν
868 841 1152 934 ἀνάγετε
1179 847 1428 930 ξόανον
2157 868 2256 919 525

466 944 691 1015 Ἰλιάδι
719 955 1040 1035 Διογενεῖ
1061 949 1251 1040 κόρᾳ.

470 1055 569 1128 τίς
601 1044 727 1118 οὐκ
755 1055 876 1135 ἔβα
902 1056 1260 1138 νεανίδων,

470 1157 571 1230 τίς
596 1146 679 1219 ού
706 1148 975 1240 γεραιὸς
1002 1155 1077 1220 ἐκ
1104 1152 1368 1241 &dm-m

468 1255 864 1342 κεχαρμένοι
895 1250 965 1321 δ’
1000 1251 1259 1336 ἀοιδαῖς

468 1355 701 1424 δόλιον
730 1361 927 1442 ἔσχον
954 1353 1141 1425 ὅταν.
2153 1375 2254 1430 530

468 1464 645 1526 πᾶσα
676 1456 751 1525 δὲ
776 1459 985 1545 γέννα
1013 1467 1313 1549 Φρυγῶν
1981 1457 2121 1528 ἀντ.

468 1557 633 1648 πρὸς
662 1559 878 1639 πύλας
908 1555 1215 1650 ὡρμάθη,

470 1660 688 1751 πεύκᾳ
716 1664 791 1729 ἐν
819 1657 1056 1752 ούρείᾳ

468 1760 699 1844 ξεστὸν
730 1762 933 1849 λόχον
953 1761 1277 1852 Ἀργείων

464 1866 578 1933 καὶ
603 1870 995 1954 Δαρδανίας
1021 1860 1187 1934 ἄταν
2154 1885 2252 1938 535

469 1973 599 2059 θεᾷ
627 1966 867 2037 δώσων

467 2068 662 2158 χάριν
688 2065 926 2157 ἄζυγος
957 2065 1486 2159 ἀμβροτοπώλου
1504 2091 1519 2106 ·

468 2177 771 2240 κλωστοῦ
800 2168 867 2240 δ’
900 2167 1306 2260 ἀμφιβόλοις
1333 2177 1585 2259 λίνοιο,
1614 2168 1776 2251 ναὸς
1809 2166 1967 2242 ὡσεὶ

467 2271 721 2360 σκάφος
747 2273 1063 2344 κελαινὸν
1090 2281 1185 2353 εἰς
1210 2276 1462 2363 ἕδρανα

468 2374 663 2443 λάινα
693 2374 951 2444 δάπεδά
978 2405 1049 2446 τε
1081 2375 1289 2464 φόνια
1315 2382 1588 2466 πατρίδι
2153 2393 2253 2446 540

402 2563 407 2567 ⁶
472 2476 821 2557 Παλλάδος
850 2479 1063 2546 θέσαν
1094 2485 1282 2556 θεᾶς.

468 2582 543 2647 ἐν
576 2579 651 2648 δὲ
679 2579 863 2670 πόνῳ
893 2582 1007 2647 καὶ
1032 2585 1205 2669 χαρᾷ

470 2680 704 2768 νύχιον
730 2682 842 2749 ἐπὶ
870 2682 1125 2770 κνέφας
1152 2685 1397 2768 παρῆν,

470 2789 679 2871 Λίβυς
706 2809 779 2851 τε
806 2781 1015 2864 λωτὸς
1042 2782 1313 2852 ἐκτύπει

464 2884 734 2975 Φρύγιά
763 2911 835 2953 τε
862 2888 1095 2973 μέλεα,
1127 2885 1459 2973 παρθένοι
1490 2880 1559 2952 δ’
2151 2903 2250 2955 545

464 2984 697 3077 ἀέριον
728 2983 859 3056 ἀνὰ
885 2987 1128 3077 κρότον
1156 2991 1389 3056 ποδῶν

462 3091 629 3176 βοὰν
667 3093 956 3175 ἔμελπον
992 3083 1309 3172 εὔφρον’·
1359 3089 1432 3154 ἐν

462 3191 697 3280 δόμοις
724 3197 766 3260 δ
770 3191 801 3261 ὲ
826 3192 1135 3281 παμφαὲς
1161 3194 1356 3272 σέλας

461 3291 679 3392 πυρὸς
704 3297 1029 3381 μέλαιναν
1059 3302 1299 3380 αἴγλαν

461 3411 492 3448 ²⁸¹
524 3406 557 3450 ⁴¹
588 3393 1086 3487 ἔδωκεν-ὕπνῳ.
1364 3453 1370 3460 .
2151 3413 2252 3464 550

462 3495 593 3586 ἐγώ
624 3500 701 3568 δὲ
726 3497 855 3593 τᾴν
882 3494 1245 3587 ὀρεστέραν
