2534 3917
220 908 364 970 ΕΚ.

219 1420 360 1481 ΡΗ.

219 1522 362 1584 ΕΚ.

223 1624 364 1685 ΡΗ.

223 1726 364 1788 ΕΚ.

223 1827 362 1889 ΡΗ.

225 1930 363 1991 ΕΚ.

234 2336 364 2399 ΡΗ.

223 2747 362 2807 ΕΚ.

224 2849 362 2909 ΡΗ.

224 2952 363 3011 ΕΚ.

223 3156 364 3217 ΡΗ.

223 3258 365 3320 ΕΚ.

1103 218 1386 277 ΡΗΣΟΣ
2116 218 2239 282 325

457 386 732 461 ἐπειδὰν
761 391 1028 478 ἐχθρῶν
1055 384 1244 476 τήνδ’
1286 390 1657 477 ἐλευθέραν
1684 387 1883 457 πόλιν

452 499 689 579 θῶμεν
717 497 949 561 θεοῖσί
971 486 1037 557 τ’
1077 486 1425 580 ἀκροθίνι’
1460 492 1701 579 ἐξέλῃς,
2138 508 2241 563 470

451 593 576 679 ξὺν
609 594 719 663 σοὶ
745 591 1138 683 στρατεύειν
1163 600 1295 681 γῆν
1322 589 1425 661 ἐπ’
1458 589 1778 681 Ἀργείων
1806 595 1989 663 θέλω

448 698 563 770 καὶ
592 702 816 767 πᾶσαν
843 692 1068 765 ἐλθών
1091 691 1355 763 Ἑλλάδ’
1386 697 1703 784 ἐκπέρσαι
1732 699 1905 784 δορί,

455 796 544 880 ὥς
573 794 659 868 ἀν
686 796 1000 886 μάθωσιν
1030 800 1104 865 ἐν
1132 799 1320 887 μέρει
1350 796 1629 885 πάσχειν
1653 804 1893 877 κακῶς.

455 907 518 973 εἰ
541 907 664 971 τοῦ
697 899 1031 990 παρόντος
1057 895 1248 969 τοῦδ’
1284 896 1737 987 ἀπαλλαχθεὶς
1766 906 1983 968 κακοῦ

457 1003 656 1073 πόλιν
684 1008 1013 1091 νεμοίμην
1041 996 1131 1082 ὥς
1164 1000 1239 1072 τὸ
1271 1008 1433 1091 πρίν
1468 998 1615 1071 ποτ’
1654 998 1943 1089 ἀσφαλῆ,
2138 1019 2237 1074 475
2334 1076 2337 1079 ,

452 1098 496 1194 ἦ
525 1105 736 1193 κάρτα
763 1103 1020 1192 πολλὴν
1053 1114 1240 1184 θεοῖς
1269 1100 1355 1173 ἂν
1384 1108 1640 1192 εἰδείην
1665 1103 1880 1193 χάριν.

450 1207 530 1279 τὰ
567 1203 638 1275 δ’
675 1204 855 1295 ἀμφί
883 1203 945 1275 τ’
965 1202 1211 1296 ’Ἄργος
1239 1206 1354 1274 καὶ
1379 1204 1591 1294 νομὸν
1616 1204 1737 1276 τὸν
1768 1202 2079 1287 Ἑλλάδος

451 1308 576 1397 οὐχ
609 1299 744 1379 οἶδε
775 1319 1068 1398 πορθεῖν
1095 1304 1305 1399 ῥᾴδι’,
1338 1303 1427 1387 ὡς
1453 1309 1705 1396 λέγεις,
1738 1311 1910 1397 δορί.

450 1409 534 1483 οὗ
565 1408 799 1481 τούσδ’
827 1409 1101 1498 ἀριστῆς
1153 1431 1362 1496 φασιν
1380 1406 1720 1498 Ἑλλήνων
1750 1416 1983 1497 μολεῖν
2000 1440 2018 1493 ;
2210 1473 2219 1477 .

449 1510 578 1585 κού
605 1512 1056 1603 μεμφόμεσθά
1091 1508 1186 1600 γ’,
1215 1507 1365 1581 ἀλλ’
1401 1508 1574 1600 ἅδην
1603 1512 1985 1600 ἐλαύνομαι.
2132 1527 2239 1583 480

455 1614 715 1687 οὔκουν
739 1614 1098 1695 κτανόντες
1125 1614 1367 1685 τούσδε
1396 1622 1531 1684 πᾶν
1563 1615 2008 1705 είργάσμεθαῖ

456 1719 550 1807 μή
578 1746 710 1788 νυν
741 1716 822 1787 τά
848 1716 1078 1808 πόρρω
1107 1713 1455 1805 τάγγύθεν
1483 1718 1717 1806 μεθεὶς
1745 1716 2001 1786 σκόπει.

449 1818 686 1909 ἀρκεῖν
714 1822 894 1890 ἔοικέ
916 1839 1021 1888 σοι
1057 1829 1341 1905 παθεῖν,
1380 1824 1623 1908 δρᾶσαι
1650 1818 1727 1887 δὲ
1760 1818 1869 1905 μή.

453 1929 701 2012 πολλῆς
733 1921 861 2013 γὰρ
889 1918 1070 2011 ἄρχω
1107 1918 1402 1991 κάνθάδ’
1438 1916 1535 1989 οόν
1564 1924 1986 2011 τυραννίδος.

453 2022 602 2094 ἀλλ’
641 2036 773 2095 εἴτε
803 2022 997 2094 λαιὸν
1028 2034 1160 2093 εἴτε
1192 2022 1415 2105 δεξιὸν
1442 2025 1661 2112 κέρας,
2134 2037 2237 2091 485

455 2124 582 2197 εἴτ’
616 2130 692 2196 ἐν
717 2131 977 2217 μέσοισι
1004 2126 1407 2215 συμμάχοις,
1440 2126 1726 2215 πάρεστί
1749 2144 1855 2193 σοι

457 2232 706 2317 πέλτην
731 2232 980 2319 ἐρεῖσαι
1009 2231 1122 2298 καὶ
1149 2236 1553 2316 καταστῆσαι
1580 2224 1887 2317 στρατόν.

457 2330 659 2420 μόνος
684 2335 1016 2421 μάχεσθαι
1044 2339 1417 2420 πολεμίοις,
1444 2326 1685 2420 ’Ἕκτορ
1701 2382 1720 2417 ,
1750 2331 1953 2398 θέλω.

457 2440 521 2503 εί
549 2430 614 2502 δ’
648 2432 925 2524 αἰσχρὸν
952 2430 1107 2522 ἡγεῖ
1131 2432 1221 2523 μὴ
1250 2440 1717 2523 συνεμπρῆσαι
1744 2438 1922 2501 νεῶν

456 2534 796 2625 πρύμνας,
825 2536 1120 2623 πονήσας
1148 2535 1267 2605 τὸν
1296 2534 1506 2626 πάρος
1536 2532 1754 2605 πολὺν
1781 2532 2052 2624 χρόνον,
2133 2546 2237 2601 490

457 2638 655 2721 τάξον
681 2634 752 2726 μ’
780 2634 1128 2725 Ἀχιλλέως
1151 2638 1265 2707 καὶ
1294 2646 1578 2727 στρατοῦ
1608 2634 1775 2707 κατὰ
1802 2634 2031 2723 στόμα.

448 2736 574 2809 οὐκ
615 2736 747 2809 ἔστ’
787 2744 1024 2832 ἐκείνῳ
1053 2745 1316 2828 θοῦρον
1348 2742 1631 2824 ἀντᾶραι
1662 2740 1851 2821 δόρυ.

451 2844 565 2911 καὶ
594 2840 728 2930 μὴν
758 2842 954 2929 λόγος
982 2838 1048 2930 γ’
1085 2830 1176 2929 ἦν
1206 2836 1295 2920 ὦς
1323 2836 1599 2909 ἔπλευσ’
1636 2836 1739 2909 ἐπ’
1772 2836 2000 2907 Ἴλιον.

453 2950 736 3014 ἔπλευσε
764 2946 877 3014 καὶ
905 2944 1228 3034 πάρεστιν
1245 2965 1259 2979 ·
1294 2939 1461 3011 ἀλλά
1488 2949 1752 3030 μηνίων

453 3046 1005 3137 στρατηλάταισιν
1031 3042 1116 3115 ού
1145 3052 1537 3137 συναίρεται
1568 3045 1757 3134 δόρυ.
2132 3054 2234 3109 495

453 3156 556 3229 τίς
585 3147 670 3237 δὴ
698 3144 845 3238 μετ’
879 3146 1090 3219 αὐτὸν
1118 3144 1319 3229 ἄλλος
1351 3145 1617 3230 εὐδοξεῖ
1640 3152 1966 3238 στρατοῦ;

452 3261 624 3331 Αἴας
653 3253 800 3339 ἐμοὶ
825 3250 949 3339 μὲν
977 3247 1184 3321 οὐδὲν
1211 3248 1549 3338 ἡσσᾶσθαι
1578 3256 1770 3319 δοκεῖ

452 3350 547 3440 χῶ
589 3355 858 3433 Τυδέως
890 3368 1074 3433 παῖς·
1107 3360 1246 3421 ἔστι
1282 3350 1351 3422 δ’
1384 3352 1847 3442 αἱμυλώτατον

316 3485 320 3489 ·
451 3451 732 3545 κρότημ’
768 3452 1164 3542 Ὀδυσσεύς,
1199 3454 1377 3543 λῆμά
1407 3451 1469 3523 τ’
1503 3451 1893 3544 ἀρκούντως
1919 3445 2183 3542 θρασὺς

453 3559 568 3627 καὶ
597 3565 871 3626 πλεῖστα
897 3555 1124 3648 χώραν
1155 3554 1349 3645 τήνδ’
1383 3554 1553 3646 ἀνὴρ
1585 3560 2027 3647 καθυβρίσας.
2134 3566 2237 3619 500
