2534 3917
311 202 437 265 326

313 1301 452 1363 PH.

311 3032 452 3095 XO.

1178 203 1461 261 ΡΗΣΟΣ

541 370 616 454 ὃς
647 379 742 453 είς
773 369 1062 451 Ἀθάνας
1087 369 1300 459 σηκὸν
1329 378 1609 459 ἔννυχος
1635 370 1864 459 μολών

541 477 790 556 κλέψας
816 471 1080 563 ἄγαλμα
1105 480 1276 554 ναῦς
1302 471 1409 543 ἐπ’
1445 470 1768 565 Ἀργείων
1794 477 2006 566 φέρει.

542 575 673 667 ἤδη
709 573 777 645 δ’
813 574 1108 666 ἀγύρτης
1135 574 1477 664 πτωχικὴν
1508 582 1682 663 ἔχων
1706 575 1951 665 στολὴν

549 686 825 768 εἰσῆλθε
851 678 1186 768 πύργους,
1219 676 1435 749 πολλὰ
1465 674 1532 747 δ’
1562 676 1887 768 Ἀργείοις
1913 680 2087 751 κακὰ

543 780 752 872 ἠρᾶτο
767 834 786 868 ,
817 782 1157 869 πεμφθεὶς
1169 780 1379 852 Ἴλιον
1408 781 1857 862 κατάσκοπος·
2234 804 2349 855 505

545 881 813 954 κτανών
841 883 918 953 δὲ
946 880 1295 971 φρουροὺς
1322 885 1437 952 καὶ
1464 882 1886 969 παραστάτας
1913 891 2151 958 πυλῶν

541 990 857 1074 ἐξῆλθεν·
891 982 997 1055 ἀεὶ
1028 982 1094 1053 δ’
1127 988 1203 1054 ἐν
1230 986 1454 1073 λόχοις
1482 982 1865 1076 εὑρίσκεται

543 1095 939 1178 Θυμβραῖον
967 1083 1142 1175 ἀμφὶ
1167 1086 1401 1175 βωμὸν
1428 1084 1667 1169 ἄστεος
1706 1091 1908 1169 πέλας

539 1190 850 1260 θάσσων·
881 1195 1068 1281 κακῷ
1096 1189 1173 1258 δὲ
1197 1192 1506 1282 μερμέρῳ
1536 1197 1925 1278 παλαίομεν.

544 1290 772 1374 οὐδεὶς
798 1290 973 1382 ἀνὴρ
1003 1288 1296 1381 εὔψυχος
1328 1290 1507 1374 ἀξιοῖ
1527 1292 1753 1383 λάθρᾳ
2230 1312 2341 1365 510

541 1412 798 1465 κτεῖναι
826 1394 946 1463 τὸν
975 1394 1259 1484 ἐχθρόν,
1290 1391 1440 1463 ἀλλ’
1477 1393 1603 1463 css-{v
1629 1394 1799 1463 κατὰ
1825 1394 2053 1481 στόμα.

541 1505 783 1567 τοῦτον
813 1492 878 1565 δ’
917 1492 999 1564 ὃν
1027 1500 1190 1578 ἵζειν
1229 1496 1363 1583 φὴς
1403 1495 1491 1565 συ
1524 1496 1865 1577 κλωπικὰς
1893 1500 2091 1586 ἕδρας

543 1600 658 1668 καὶ
684 1603 1145 1687 μηχανᾶσθαι,
1180 1605 1396 1681 ζῶντα
1422 1596 1782 1686 συλλαβών
1808 1597 1940 1687 ἐγὼ

541 1706 778 1771 πυλῶν
806 1697 912 1770 ἐπ’
949 1698 1280 1783 ἐξόδοισιν
1306 1698 1634 1790 ἀμπείρας
1660 1699 1854 1791 ρ’άχιν

545 1803 766 1892 στήσω
797 1818 1125 1884 πετεινοῖς
1152 1805 1320 1892 γυψὶ
1351 1804 1811 1892 θοινατήριον.
2228 1822 2337 1875 515

546 1905 798 1996 λῃστὴν
828 1905 956 1997 γὰρ
993 1902 1156 1979 ὄντα
1187 1908 1302 1976 καὶ
1327 1912 1515 1975 θεῶν
1544 1903 1878 1996 ἀνάκτορα

451 2018 456 2022 ’
543 2016 852 2079 συλῶντα
882 2015 992 2079 δεῖ
1014 2036 1128 2079 νιν
1155 2014 1329 2101 τῷδε
1355 2018 1725 2078 κατθανεῖν
1753 2007 1959 2101 μόρῳ.

312 2116 453 2179 ΕΚ.

538 2118 671 2180 νῦν
697 2111 822 2201 μὲν
846 2118 1373 2199 καταυλίσθητε·
1408 2112 1523 2180 καὶ
1546 2110 1678 2199 γὰρ
1709 2107 2034 2199 εὐφρόνη.

543 2217 740 2296 δείξω
771 2211 837 2283 δ’
871 2213 1004 2302 ἐγώ
1033 2234 1140 2282 σοι
1166 2220 1424 2304 χοῖρον,
1455 2220 1627 2282 ἔνθα
1653 2212 1779 2304 χρὴ
1808 2212 2096 2303 στρατὸν

546 2313 666 2385 τὸν
695 2314 820 2384 σὸν
847 2322 1171 2402 νυχεῦσαι
1197 2322 1318 2385 τοῦ
1347 2318 1755 2403 τεταγμένου
1784 2322 1955 2403 δίχα.
2227 2334 2333 2387 520

542 2417 857 2503 ξύνθημα
883 2414 949 2485 δ’
988 2414 1150 2505 ἡμῖν
1175 2425 1459 2505 Φοῖβος,
1493 2414 1583 2506 ἥν
1611 2445 1673 2486 τι
1700 2420 1815 2487 καὶ
1849 2421 1991 2508 δέῃ,

541 2514 822 2606 μέμνησ’
858 2516 1149 2601 ἀκούσας
1179 2528 1404 2610 Θρῃκί
1431 2517 1490 2589 τ’
1522 2516 1837 2607 ἄγγειλον
1864 2526 2142 2612 στρατῷ.

543 2616 716 2709 ὑμᾶς
744 2620 820 2690 δὲ
849 2620 1097 2709 βάντας
1121 2620 1247 2713 χρὴ
1276 2624 1589 2712 προταινὶ
1614 2622 1865 2704 τάξεων

542 2740 874 2815 φρουρεῖν
901 2728 1120 2816 ἐγερτὶ
1148 2726 1263 2795 καὶ
1291 2732 1470 2795 νεῶν
1497 2724 1919 2796 κατάσκοπον

543 2829 782 2913 δέχθαι
814 2827 1138 2897 Δόλωνα·
1174 2828 1289 2895 καὶ
1316 2826 1444 2917 γὰρ
1474 2837 1660 2916 εἴπερ
1690 2828 1829 2896 ἐστὶ
1859 2833 2011 2914 σῶς,
2222 2844 2327 2897 525

539 2924 670 3013 ἤδη
698 2928 961 3011 πελάζει
995 2931 1501 3018 στρατοπέδοισι
1539 2938 1882 3017 Τρωικοῖς.

537 3035 717 3105 τίνος
748 3024 792 3096 ἁ
818 3028 1121 3115 φυλακάς
1151 3036 1251 3109 τίς
1279 3026 1542 3119 ἀμείβει
2042 3052 2185 3120 στρ.

541 3126 666 3198 τὰν
693 3127 863 3213 ἐμὰν
891 3128 1156 3213 πρώτας

542 3222 774 3301 δύεται
803 3246 1042 3320 σημεῖα
1069 3232 1183 3301 καὶ
1215 3233 1579 3325 ἑπτάποροι

547 3333 865 3415 Πλειάδες
891 3336 1190 3424 αἰθέριαι
1207 3359 1222 3373 ’
2222 3355 2329 3411 530

539 3437 706 3521 μέσα
734 3434 801 3505 δ’
837 3436 1055 3518 αἰετὸς
1082 3436 1384 3527 ούρανοῦ
1411 3446 1711 3510 ποτᾶται.

929 3556 1243 3613 527-545
1265 3576 1351 3605 =
1376 3559 1691 3615 546—564

2500 646 2521 996 fflssssn-mss—
2516 586 2518 593 .
