2534 3917
1099 207 1106 212 ’
1150 201 1315 260 ΙΩΝ
2122 201 2241 262 155

225 367 386 440 KP?
448 373 535 439 σύ
564 377 702 438 τῶν
732 367 1030 438 ἀτέκνων
1058 367 1206 458 δῆτ’
1241 367 1651 459 ἀναρπάσεις
1679 371 1969 457 δόμους;
2106 389 2241 441 1303

221 479 418 543 ΙΩΝ.
451 471 701 560 πατρός
729 498 807 559 γε
834 479 962 560 γῆν
991 472 1298 551 διδόντος
1325 467 1413 558 ῆν
1440 471 1778 560 ἐκτήσατο.
2107 488 2241 542 1296

222 581 356 643 ΚΡ.
449 588 585 655 τοῖς
610 573 869 642 Αἰόλου
897 573 973 642 δὲ
1001 580 1142 654 πῶς
1169 581 1377 661 μετῆν
1403 579 1518 662 τῆς
1544 574 1934 656 Παλλάδος;

222 683 421 744 ΙῼΝ.
455 672 766 744 ὅπλοισιν
791 671 1007 763 αὐτὴν
1034 672 1116 744 οῦ
1146 675 1371 762 λόγοις
1400 675 1747 765 ἐρρύσατο.

222 784 355 846 ΚΡ.
450 779 806 866 ἐπίκουρος
834 776 1119 865 οἰκήτωρ
1151 773 1218 863 γ’
1252 772 1339 846 ἂν
1366 774 1493 845 οὐκ
1525 787 1627 864 εἴη
1656 777 1927 864 χθονός.
2104 792 2239 844 1299

223 885 421 947 ΙΩΝ.
451 873 615 966 ἡμῖν
644 883 724 947 δέ
746 876 814 966 γ’
850 875 1017 946 ἀλλὰ
1045 887 1373 968 πατρικῆς
1402 874 1529 947 οῦκ
1556 869 1644 965 ἦν
1672 882 1907 967 μέρος-ς
2108 897 2243 946 1304

225 989 358 1048 KP.
454 977 560 1049 36'
597 977 794 1060 ἀσπὶς
821 986 1010 1068 ἔγχος
1039 977 1114 1048 θ’
1138 1001 1153 1018 ·
1183 977 1308 1068 ῆδε
1336 982 1443 1048 σοὶ
1470 989 1839 1070 παμπησία.
2106 996 2238 1048 1305

225 1088 422 1150 ΙΩΝ.
457 1088 722 1151 ἔκλειπε
747 1080 979 1170 βωμὸν
1007 1083 1121 1150 καὶ
1146 1081 1520 1169 θεηλάτους
1552 1085 1768 1170 ἕδρας.

227 1190 358 1251 ΚΡ.
448 1182 573 1270 τὴν
600 1182 728 1272 σὴν
757 1181 930 1253 ὅπου
958 1204 1065 1252 σοι
1092 1181 1325 1274 μητέρ’
1352 1184 1490 1252 ἐστὶ
1516 1188 1851 1252 νουθέτει.

224 1291 422 1353 ΙΩΝ.
453 1282 541 1353 σύ
572 1284 637 1354 δ’
673 1282 798 1373 οὐχ
825 1282 1094 1375 ὑφέξεις
1121 1293 1391 1373 ζημίαν,
1420 1282 1757 1371 κτείνουσζ
1790 1287 1937 1372 ἐμέ;

225 1394 358 1454 ΚΡ.
448 1383 536 1473 ῆν
564 1385 629 1474 y'
664 1385 850 1467 ἐντὸς
877 1384 1146 1457 ἀδύτων
1172 1390 1393 1460 τῶνδέ
1414 1414 1497 1474 με
1528 1387 1774 1476 σφάξαι
1805 1389 2030 1475 θέλῃς.
2169 1468 2177 1472 λ

225 1494 423 1556 ΙΩΝ.
451 1495 551 1568 τίς
577 1485 789 1576 ἡδονή
815 1511 922 1558 σοι
948 1497 1122 1558 θεοῦ
1150 1501 1396 1559 θανεῖν
1424 1492 1500 1558 ἐν
1525 1493 1883 1577 στέμμασι;
2105 1504 2238 1557 1310

225 1597 360 1658 ΚΡ.
450 1590 836 1678 λυπήσομέν
865 1588 1023 1678 τιν’,
1054 1582 1152 1660 ὦν
1178 1587 1639 1679 λελυπήμεσθ’
1671 1587 1826 1659 ῧπο.

226 1698 424 1758 ῙῼΝ.
457 1699 613 1779 φεῦ.

455 1793 683 1863 δεινόν
710 1821 820 1882 γε,
851 1805 1128 1881 θνητοῖς
1154 1793 1313 1873 τοὺς
1343 1794 1594 1880 νόμους
1622 1790 1711 1872 ὡς
1740 1789 1823 1861 οὐ
1851 1798 2069 1870 καλῶς

457 1902 706 1982 ἔθηκεν
733 1892 768 1964 ὁ
802 1894 965 1975 θεὸς
992 1891 1144 1963 οὐδ’
1177 1891 1308 1963 ἀπὸ
1336 1895 1604 1982 γνώμης
1631 1900 1847 1980 σοφῆς
1864 1915 1877 1929 ·

456 1994 614 2076 τοὺς
638 1997 762 2084 μὲν
788 1995 917 2085 γὰρ
946 1993 1222 2077 ἀδίκους
1250 1995 1483 2084 βωμὸν
1514 1991 1639 2082 οὐχ
1670 2000 1834 2077 ἵζειν
1862 1997 2083 2084 ἐχρῆν,

457 2095 604 2166 ἀλλ’
639 2099 1022 2180 ἐξελαύνειν
1039 2119 1053 2135 ·
1084 2095 1248 2166 οὐδὲ
1274 2096 1403 2188 γὰρ
1430 2095 1680 2179 ψαύειν
1706 2094 1916 2164 καλὸν
2104 2111 2237 2166 1315

453 2207 641 2268 θεῶν
668 2197 974 2289 πονηρὰν
997 2215 1215 2289 χεῖρα·
1248 2215 1419 2268 τοῖσι
1447 2194 1510 2268 δ’
1546 2202 1839 2276 ἐνδίκοις

457 2298 606 2389 ἱερὰ
631 2309 972 2386 καθίζειν,
1002 2296 1182 2382 ὅστις
1207 2297 1520 2388 ἠδικεῖτ’,
1552 2303 1774 2388 ἐχρῆν,

329 2489 335 2494 .
454 2403 567 2470 καὶ
593 2401 683 2489 μή
707 2399 806 2471 ’πὶ
834 2399 1038 2471 ταύτὸ
1068 2400 1252 2471 τοῦτ’
1288 2399 1455 2473 ἰόντ’
1495 2409 1673 2489 ἔχειν
1704 2411 1851 2470 ἴσον

455 2503 578 2571 τόν
603 2500 665 2571 τ’
700 2503 951 2573 ἐσθλὸν
979 2501 1142 2573 ὅντα
1169 2504 1290 2573 τόν
1314 2532 1387 2574 τε
1413 2502 1503 2592 μὴ
1536 2510 1723 2571 θεῶν
1750 2503 1947 2591 πάρα.

225 2611 300 2672 Π
299 2613 372 2672 Τ.
454 2607 750 2692 ἐπίσχες,
779 2597 833 2672 ὦ
863 2621 1012 2674 παῖ·
1043 2612 1333 2695 τρίποδα
1359 2605 1489 2694 γὰρ
1515 2601 1918 2693 χρηστήριον
2104 2619 2239 2672 1320

460 2713 752 2776 λιποῦσα
777 2715 1072 2797 θριγκοῦ
1097 2704 1287 2777 τοῦδ’
1318 2704 1719 2794 ὑπερβάλλω
1748 2701 1925 2773 πόδα

459 2815 718 2897 Φοίβου
746 2817 1110 2899 προφῆτις,
1140 2815 1457 2900 τρίποδος
1488 2803 1766 2896 ἀρχαῖον
1794 2802 2006 2893 νόμον

457 2911 789 2997 σώζουσα,
829 2919 1063 2980 πασῶν
1088 2917 1460 3000 Δελφίδων
1487 2912 1835 2999 ἐξαίρετος.

228 3018 424 3080 ΙΩΝ.
451 3009 629 3101 χαῖρ’
665 3003 720 3081 ὦ
749 3019 914 3101 φίλη
939 3040 1053 3102 μοι
1079 3021 1319 3105 μῆτερ,
1351 3009 1432 3082 οὐ
1460 3011 1748 3081 τεκοῦσά
1773 3036 1921 3098 περ.

227 3120 373 3182 ΠΤ.
457 3111 606 3182 ἄλλ’
640 3105 768 3183 οῦν
797 3114 1193 3204 ἐλεγόμεσθ’
1215 3138 1229 3154 ·
1262 3113 1304 3204 ἡ
1335 3115 1532 3203 φάτις
1561 3110 1627 3182 δ’
1662 3109 1747 3182 οῦ
1773 3140 1886 3200 μοι
1914 3111 2141 3200 πικρά.

227 3221 424 3286 ΙΩΝ.
455 3211 750 3304 ἤκουσας
779 3214 869 3298 ὥς
895 3215 965 3306 μ’
1001 3224 1299 3289 ἔκτεινεν
1324 3215 1413 3304 ῆδ
1418 3245 1449 3286 ε
1475 3229 1835 3305 μηχαναῖς;
2103 3229 2239 3284 1326

228 3323 374 3384 ΠΤ.
460 3315 723 3406 ἤκουσα
742 3342 756 3356 ·
788 3323 903 3390 καὶ
930 3318 1018 3389 σύ
1047 3316 1114 3408 γ’
1149 3317 1328 3408 ὠμὸς
1358 3315 1455 3388 ὦν
1485 3315 1905 3406 ἁμαρτάνεις.
2266 3319 2271 3322 ’

228 3424 427 3486 ΙΩΝ.
463 3417 547 3488 οὐ
572 3419 700 3510 χρή
727 3448 809 3509 με
835 3420 993 3503 τούς
1017 3428 1403 3501 κτείνοντας
1429 3417 1963 3500 άνταπολλύναι;

229 3525 374 3587 ΠΤ.
456 3537 815 3611 προγονοῖς
842 3523 1170 3614 δάμαρτες
1197 3529 1552 3612 δυσμενεῖς
1579 3517 1690 3589 ἀεί
1726 3545 1907 3592 ποτε.
