2534 3917
327 190 450 253 158
1237 191 1401 248 ΙΩΝ

559 355 773 446 εὐρώς
804 354 865 427 τ’
899 355 1133 427 ἄπεστι
1161 357 1591 444 πλεγμάτων·
1624 354 1658 428 ὁ
1691 354 1759 426 δ’
1792 363 1866 427 ἐν
1891 362 2074 453 μέσῳ

556 461 794 552 χρόνος
821 458 1033 540 πολὺς
1067 457 1152 546 δὴ
1180 465 1405 529 τοῖσδε
1433 469 2001 548 θησαυρίσμασιν.

325 570 459 630 ΚΡ.
549 571 620 632 τί
645 569 812 651 δῆτα
841 561 1072 650 φάσμα
1098 568 1236 630 τῶν
1263 558 1685 630 ἀνελπίστων
1714 557 1889 650 ὁρμὴ
2204 585 2340 640 1395

325 672 521 734 ΙΩΝ.
553 673 710 752 σίγα
735 663 825 734 σύ
841 686 856 702 ·
889 661 1101 749 πολλὴ
1131 665 1246 732 καὶ
1273 662 1608 753 πάροιθεν
1635 653 1817 749 ἦσθά
1842 693 1975 752 μοι.

327 773 460 833 ΚΡ.
553 764 678 836 οὐκ
709 771 781 836 ἐν
808 773 1026 855 σιωπῇ
1055 761 1226 852 τάμά
1247 786 1262 801 ·
1294 764 1384 851 μή
1414 792 1497 852 με
1522 768 1859 834 νουθέτει.

553 866 691 950 ὁροδ
720 866 852 952 γὰρ
882 867 1089 951 ἄγγος
1119 865 1437 951 οὖξέθηκ’
1473 869 1609 950 ἐγώ
1638 890 1799 934 ποτε

557 969 665 1052 [σε’
687 969 778 1050 γ’,
812 959 865 1032 ὦ
896 967 1139 1033 τέκνον
1167 991 1315 1052 μοι,
1348 969 1599 1052 βρέφος
1628 969 1722 1034 ἔτ’
1760 968 1925 1034 ὄντα
1954 969 2201 1054 νήπιον
2214 967 2261 1054 ,Ῑ

554 1073 897 1158 Κέκροπος
924 1072 990 1148 ἐς
1017 1063 1225 1157 ἄντρα
1252 1069 1368 1137 καὶ
1396 1065 1687 1156 Μακρὰς
1715 1085 2176 1159 πετρηρεφεῖς.
2198 1089 2339 1141 1400

556 1179 766 1253 λείψω
797 1171 873 1239 δὲ
899 1168 1132 1258 βωμὸν
1158 1169 1389 1256 τόνδε,
1421 1176 1530 1238 κεί
1548 1179 1795 1239 θανεῖν
1822 1198 1905 1258 με
1930 1169 2076 1261 χρή.

325 1281 522 1342 ΙΩΝ.
553 1273 843 1358 λάζυσθε
872 1273 1073 1360 τήνδε
1095 1295 1110 1308 ·
1140 1269 1481 1359 θεομανὴς
1512 1270 1641 1360 γὰρ
1670 1267 1875 1359 ἥλατο

556 1371 802 1464 βωμοῦ
823 1380 1114 1443 λιποῦσα
1139 1371 1376 1456 ξόανα·
1409 1378 1587 1442 δεῖτε
1615 1369 1679 1442 δ’
1716 1371 1987 1455 ὠλένας.

325 1485 459 1545 ΚΡ.
549 1474 913 1565 σφάζοντες
939 1472 1023 1544 οὐ
1050 1472 1301 1562 λήγοιτ’
1337 1471 1422 1542 ἅν
1441 1497 1455 1512 ·
1490 1471 1580 1554 ὥς
1608 1472 1979 1564 ἀνθέξομαι

551 1581 662 1648 καὶ
689 1583 890 1666 τῆσδε
917 1578 1029 1646 καὶ
1058 1584 1185 1645 σοῦ
1212 1584 1349 1644 τῶν
1378 1602 1449 1645 τε
1475 1584 1616 1646 σῶν
1647 1579 2149 1667 κεκρυμμένων.
2194 1594 2332 1646 1405

323 1687 520 1749 ΙΩΝ.
552 1678 696 1750 τάδ’
734 1675 884 1766 οὐχὶ
913 1679 1139 1761 δεινάς
1169 1678 1560 1767 ῥυσιάζομαι
1588 1680 1785 1771 λόγῳ.

267 1801 270 1804 ’
323 1791 459 1850 ΚΡ.
551 1779 702 1868 οὔκ,
739 1779 907 1851 ἀλλὰ
936 1797 1078 1861 σοῖς
1107 1787 1409 1868 φίλοισιν
1440 1778 1739 1870 εὑρίσκει
1769 1789 1985 1870 φίλος.

323 1891 518 1954 ΙΩΝ.
552 1882 680 1973 ἐγώ
713 1891 908 1973 φίλος
937 1883 1086 1966 σός;
1116 1873 1285 1974 κᾷτά
1310 1878 1389 1970 μ’
1425 1889 1713 1963 ἔκτεινες
1742 1883 2000 1976 λάθρᾳς

324 1994 458 2055 ΚΡ.
551 2002 704 2067 παῖς
730 1982 830 2074 γ’,
862 1993 925 2055 εί
948 1982 1090 2055 τόδ’
1126 1987 1264 2054 ἐστὶ
1292 1999 1429 2065 τοῖς
1456 1991 1725 2055 τεκοῦσι
1756 1992 2095 2073 φίλτατον.

322 2095 519 2157 ΙΩΝ.
552 2096 805 2158 παῦσαι
833 2090 1170 2158 πλέκουσα
1191 2110 1205 2124 ·
1237 2087 1541 2175 λήψομαί
1562 2084 1628 2156 σ’
1663 2087 1793 2175 ἐγώ
1822 2094 2055 2166 καλῶς.
2192 2103 2327 2154 1410

324 2198 458 2258 KP.
553 2198 645 2271 εἰς
673 2187 866 2258 τοῦθ’
904 2196 1202 2276 ἱκοίμην,
1236 2195 1437 2258 τοῦδε
1465 2189 1735 2276 τοξεύω,
1767 2192 2018 2258 τέκνον.

321 2298 520 2360 ΙΩΝ.
551 2289 754 2360 κενὸν
781 2288 923 2359 τόδ’
957 2287 1159 2377 ἄγγος
1187 2285 1230 2377 ἦ
1258 2293 1477 2378 στέγει
1506 2291 1830 2380 πλήρωμά
1857 2317 1953 2374 τις

324 2401 457 2460 ΚΡ.
549 2392 632 2461 σά
662 2389 728 2480 γ’
763 2389 1032 2478 ἔνδυθ’,
1063 2386 1204 2460 οἷσί
1227 2389 1294 2460 σ’
1329 2389 1595 2481 ἐξέθηκ’
1630 2393 1761 2480 ἐγώ
1789 2421 1969 2463 ποτε.

321 2501 519 2562 ΙΩΝ.
550 2496 661 2563 καὶ
690 2488 968 2582 τοῦνομ’
1004 2489 1231 2563 αὐτῶν
1259 2497 1504 2584 ἐξερεῖς
1533 2496 1696 2584 πρὶν
1725 2501 2043 2577 εἰσιδεῖν;

233 2605 238 2608 ’
325 2604 456 2664 ΚΡ.
551 2591 680 2666 κᾶν
705 2595 796 2687 μὴ
827 2595 1066 2688 φράσω
1094 2623 1200 2685 γε,
1231 2593 2024 2686 κατθανεῖν’ὑφίσταμαι.
2201 2613 2333 2665 1415

321 2706 519 2768 ΙΩΝ.
551 2697 714 2787 λέγ’.
747 2696 836 2780 ὥς
866 2706 999 2787 ἔχει
1026 2727 1089 2769 τι
1117 2697 1347 2769 δεινὸν
1375 2697 1416 2787 ἡ
1445 2699 1649 2787 τόλμη
1670 2701 1752 2787 γέ
1773 2718 1919 2766 σου.

245 2865 248 2870 .
325 2809 458 2869 ΚΡ.
551 2798 882 2884 σκέψασθ’
917 2799 957 2871 ὃ
986 2817 1142 2881 παῖς
1169 2799 1319 2870 ποτ’
1352 2791 1502 2870 οὖσ’
1538 2797 1795 2888 ὕφασμ’
1827 2795 2039 2886 ὕφην’
2074 2798 2226 2886 ἐγώ.

323 2909 520 2970 ΙΩΝ.
543 2901 746 2972 ,ποῖόν
774 2929 873 2985 τις
903 2900 1117 2971 πολλὰ
1144 2905 1511 2992 παρθένων
1541 2900 1920 2990 ὑφάσματα.

323 3011 458 3072 ΚΡ.
552 3000 635 3073 οὐ
664 3005 922 3090 τέλεον,
954 2999 1100 3072 οἷον
1129 3001 1194 3072 δ’
1228 3008 1600 3094 ἐκδίδαγμα
1628 3009 1958 3094 κερκίδος.

322 3113 520 3175 ΙΩΝ.
551 3104 821 3195 μορφὴν
851 3111 1006 3193 ἔχον
1032 3101 1214 3188 τίν’;
1245 3103 1336 3186 ὥς
1363 3135 1445 3194 με
1474 3105 1563 3194 μὴ
1591 3106 1802 3196 ταύτῃ
1832 3104 2059 3192 λάβῃς.
2192 3119 2335 3172 14Ὶο

321 3216 458 3276 ΚΡ.
548 3206 833 3296 Γοργὼν
860 3207 985 3295 μὲν
1013 3209 1088 3275 ἐν
1115 3208 1418 3294 μέσοισιν
1446 3206 1701 3298 ἠτρίοις
1730 3209 2025 3277 πέπλων.

322 3317 521 3378 ΙῼΝ.
554 3301 611 3378 ὦ
637 3316 808 3397 Ζεῦ,
837 3316 939 3390 τίς
965 3305 1136 3396 ἡμᾶς
1165 3313 1602 3398 ἐκκυνηγετεῖ
1625 3309 1909 3398 πότμος;

323 3419 460 3479 KP.
553 3413 1097 3498 κεκρασπέδωται
1125 3408 1189 3479 δ’
1225 3408 1465 3497 ὄφεσιν
1493 3416 1753 3498 αἰγίδος
1780 3408 2054 3497 τρόπον.
