2534 3917
287 597 416 658 ΟΡ.

282 798 430 861 ΗΛ.

286 1003 416 1064 ΟΡ.

276 2124 422 2185 ΠΤ.

1011 302 1022 307 ᾗ
1103 216 1489 277 οΡΕΣΤΗΣ
2168 220 2291 283 283

511 390 650 464 πῶς
678 378 763 452 ἂν
796 385 987 471 ξίφος
1015 380 1114 452 νῶ
1148 380 1429 471 ταύτόν,
1464 391 1530 453 εἰ
1554 387 1789 474 θέμις,
1820 388 2052 457 κτάνοι

511 488 624 555 καὶ
656 491 882 573 μνῆμα
910 481 1168 565 δέξαιθ’
1203 488 1313 573 ἕν,
1341 488 1590 577 κέδρου
1624 488 2071 576 τεχνάσματα;

509 582 726 675 ἥδιστ’
761 580 848 655 ἂν
883 595 985 673 εἴη
1019 583 1224 655 ταῦθ’
1247 609 1262 623 ·
1299 583 1460 679 ὁρᾷς
1495 587 1571 657 δὲ
1598 587 1683 677 δὴ
1714 596 1939 678 φίλων

515 686 603 770 ὥς
633 684 1101 776 ἐσπανίσμεθ’,
1137 684 1308 758 ὥστε
1343 706 1701 760 κοινωνεῖν
1725 691 1968 780 τάφου.
2156 713 2290 765 1055

515 787 665 860 οὐδ’
699 786 841 879 εἶφ’
872 786 1043 879 ὑπὲρ
1077 796 1238 878 σοῦ,
1271 788 1361 878 μὴ
1388 794 1628 872 θάνοις
1663 792 1975 882 σπουδὴν
2010 802 2201 885 ἔχων,

515 894 864 972 Μενέλαος
893 888 926 961 ὁ
957 892 1194 979 κακός,
1226 889 1261 961 ὁ
1306 893 1637 981 προδότης
1668 893 1925 985 τούμοῦ
1952 899 2233 988 πατρός;

508 989 662 1064 οὐδ’
693 989 854 1081 ὄμμ’
893 996 1176 1080 ἔδειξεν,
1214 990 1364 1063 ἀλλ’
1407 996 1516 1064 ἐπὶ
1546 996 1903 1086 σκήπτροις
1930 1005 2103 1087 ἔχων

511 1095 636 1184 τὴν
663 1092 906 1183 ἐλπίδ’,
935 1091 1293 1183 ηὐλαβεῖτο
1322 1094 1412 1183 μὴ
1444 1096 1679 1181 σώζειν
1708 1106 1972 1187 φίλους.

510 1193 656 1266 ἀλλ’
689 1194 771 1267 εἶ’
807 1194 987 1277 ὅπως
1012 1212 1291 1284 γενναῖα
1322 1194 1822 1286 κάγαμέμνονος
2154 1219 2290 1273 1060

510 1300 838 1390 δράσαντε
864 1294 1377 1387 κατθανούμεθ’
1416 1295 1760 1382 ἀξιώτατα.

510 1398 693 1489 κάγῶ
724 1401 850 1488 μὲν
883 1396 1233 1488 εὐγένειαν
1258 1397 1597 1483 ἀποδεῖξαι
1623 1409 1874 1490 [θέλω],

512 1511 752 1583 παίσας
781 1501 946 1591 πρὸς
975 1492 1153 1594 ἧπαρ
1185 1502 1509 1596 φασγάνῳ
1526 1525 1541 1541 ·
1572 1505 1647 1574 σὲ
1671 1501 1738 1573 δ’
1768 1496 1860 1575 αὖ
1886 1504 2104 1595 χρεών

515 1602 716 1693 ὅμοια
741 1606 1067 1694 πράσσειν
1091 1620 1230 1686 τοῖς
1261 1610 1441 1693 ἐμοῖς
1470 1607 1862 1696 τολμήμασι.

505 1706 824 1795 Πυλάδη,
858 1704 944 1776 σῦ
973 1703 1044 1775 δ’
1078 1702 1240 1794 ἡμῖν
1274 1714 1395 1777 τοῦ
1426 1706 1651 1796 φόνου
1681 1717 1890 1796 γενοῦ
1932 1710 2249 1799 βραβεύς,

508 1810 622 1879 καὶ
655 1805 1148 1878 κατθανόντοιν
1176 1798 1257 1879 εὖ
1283 1816 1703 1900 περίστειλον
1731 1814 1935 1898 δέμας
2154 1828 2289 1882 1066

508 1911 739 1994 θάψον
765 1938 838 1980 τε
864 1918 1060 2001 κοινῇ
1091 1908 1258 2001 πρὸς
1293 1907 1540 2001 πατρὸς
1574 1910 1833 2000 τύμβον
1862 1914 2113 2002 φέρων.

508 2015 620 2083 καὶ
649 2010 828 2102 χαῖρ’
850 2034 864 2049 ·
905 2008 1010 2082 ἐπ’
1043 2019 1245 2102 ἔργον
1277 2008 1367 2099 δ’,
1400 2008 1487 2093 ὥς
1518 2008 1712 2105 ὁρᾷς,
1747 2014 2141 2103 πορεύομαι.

510 2118 790 2202 ἐπίσχες.
830 2110 905 2183 ἓν
929 2115 1054 2203 μὲν
1087 2113 1319 2205 πρῶτά
1345 2136 1449 2184 σοι
1472 2113 1752 2204 μομφὴν
1780 2122 1932 2204 ἔχω,

511 2224 574 2286 εί
602 2224 722 2305 ζῆν
753 2244 834 2305 με
866 2216 1131 2307 χρῄζειν
1160 2222 1287 2285 σοῦ
1312 2216 1647 2299 θανόντος
1673 2214 1980 2305 ἤλπισας.
2155 2233 2289 2288 1070

283 2328 434 2389 OP.-
501 2327 572 2389 τί
597 2317 726 2409 γὰρ
761 2319 1084 2408 προσήκει
1119 2329 1489 2389 κατθανεῖν
1513 2315 1580 2388 σ’
1614 2321 1780 2407 ἐμοῦ
1809 2321 2011 2408 μέτα;

277 2430 348 2491 Π
352 2432 420 2491 Τ.

504 2418 712 2511 ἥθθυὸ
742 2428 813 2490 τί
835 2420 910 2490 δὲ
943 2427 1061 2509 ζῆν
1091 2425 1214 2509 θ’ἥς
1245 2423 1570 2511 ἑταιρείας
1599 2425 1789 2512 άτερ;

282 2532 411 2593 ΟΡ.
503 2519 628 2593 οὐκ
660 2528 928 2604 ἔκτανες
956 2527 1082 2612 σὴν
1103 2524 1357 2613 μητέρ’,
1404 2524 1495 2605 ὡς
1518 2523 1645 2611 ἐγώ
1676 2524 1898 2601 τάλας.

280 2634 351 2695 Π
355 2637 424 2695 Y.

507 2623 638 2695 σὺν
668 2631 781 2694 σοί
801 2652 879 2712 γε
908 2630 1136 2713 κοινῇ·
1169 2619 1381 2692 ταῦτα
1412 2624 1527 2692 καὶ
1552 2623 1833 2711 πάσχειν
1857 2650 1941 2712 με
1977 2629 2100 2692 δεῖ.

282 2736 410 2798 ΟΡ.
500 2724 749 2806 ἀπόδος
783 2726 856 2795 τὸ
885 2732 1074 2812 σῶμα
1102 2731 1336 2813 πατρί,
1372 2722 1462 2812 μὴ
1492 2724 1889 2813 σύνθνησκέ
1916 2751 2049 2811 μοι.
2157 2740 2291 2797 1075

509 2831 615 2900 σοὶ
647 2828 772 2916 μὲν
796 2830 925 2918 γὰρ
960 2831 1106 2905 ἔστι,
1129 2825 1356 2912 πόλις,
1384 2827 1528 2914 ἐμοὶ
1560 2822 1627 2894 δ’
1662 2822 1789 2896 οὐκ
1818 2832 1956 2896 ἔστι
1989 2825 2095 2914 δή,

510 2932 623 3001 καὶ
651 2936 843 3018 δῶμα
870 2925 1116 3019 πατρὸς
1144 2930 1258 2998 καὶ
1290 2930 1493 3017 μέγας
1520 2928 1817 2999 πλούτου
1845 2927 2070 3015 λιμήν.

505 3034 740 3122 γάμων
768 3033 845 3104 δὲ
870 3038 986 3121 τῆς
1015 3030 1141 3119 μὲν
1169 3030 1561 3119 δυσπότμου
1589 3028 1779 3121 τῆσδ’
1814 3030 2129 3120 ἐσφάλης,

506 3132 595 3224 ἦν
621 3156 728 3206 σοι
754 3130 1193 3224 κατηγγύησ’,
1228 3134 1563 3223 ἑταιρείαν
1593 3136 1841 3222 σέβων·

507 3234 593 3306 σύ
625 3234 691 3306 δ’
725 3233 885 3307 ἄλλο
915 3239 1194 3325 λέκτρον
1221 3241 1701 3326 παιδοποίησαι
1735 3235 1987 3325 λαβών,
2157 3247 2293 3303 1080

507 3344 710 3427 κῆδος
745 3338 822 3408 δὲ
847 3334 1101 3427 τούμὸν
1129 3339 1242 3406 καὶ
1271 3336 1397 3406 σὸν
1427 3334 1651 3408 οὐκέτ’
1687 3344 1821 3408 ἔστι
1853 3336 1958 3426 δή.

507 3434 656 3509 ἄλλ’
699 3430 753 3508 ὦ
782 3438 1110 3509 ποθεινὸν
1139 3435 1334 3527 ὄνομ’
1377 3435 1641 3527 ὁμιλίας
1670 3444 1850 3529 ἐμῆς,
