2534 3917
297 185 417 248 156
622 218 627 225 ·
1227 185 1395 244 ΙΩΝ

303 363 491 426 ΙῼΝ.
522 351 711 442 ἡμεῖς
739 354 815 423 δὲ
844 368 1197 444 μητρυιαῖς
1224 381 1302 441 γε
1330 352 1696 440 πάσχοντες
1723 357 1964 434 κακῶς.
2141 364 2150 369 ”
2181 373 2318 428 1330

300 470 359 526 H.
383 470 439 522 Γ.
523 456 611 544 μὴ
638 464 879 525 ταῦτα·
912 462 1166 525 λείπων
1195 453 1345 544 ἱερὰ
1371 456 1484 524 καὶ
1510 462 1793 543 στείχων
1821 453 2082 545 πάτραν

299 570 491 626 [HN.
523 565 593 627 τί
616 557 702 646 δή
737 585 820 645 με
848 563 1090 646 δρᾶσαι
1117 557 1667 645 νουθετούμενον
1692 557 1947 648 χρεών;

303 674 439 730 ΗΓ.
527 658 829 750 καθαρὸς
850 657 1140 746 Ἀθήνας
1169 656 1321 728 ἔλθ’
1356 656 1478 728 ὑπ’
1513 666 1777 728 οἰωνῶν
1805 667 2053 730 καλῶν.

299 770 491 830 Hm:
523 761 824 852 καθαρὸς
853 759 1023 842 ἅπας
1050 787 1152 831 τοι
1181 768 1543 848 πολεμίους
1572 757 1644 842 ὃς
1672 757 1757 830 ἂν
1786 762 2015 851 κτάνῃ.
2178 778 2315 833 1334

295 874 439 930 ΗΓ.
523 863 610 954 μὴ
639 863 726 932 σύ
755 886 862 952 γε·
894 861 1056 952 παρ’
1090 859 1283 951 ἡμῶν
1312 861 1377 932 δ’
1412 860 1643 951 ἔκλαβ’
1677 860 1797 943 οὕς
1840 871 1965 951 ἔχω
1994 862 2257 951 λόγους.

299 978 491 1034 ΜΞΝ.
523 968 741 1054 λέγοις
769 963 884 1034 ἄν·
919 961 1164 1045 εὔνους
1191 963 1260 1034 δ’
1297 956 1449 1034 οὖσ’
1482 969 1654 1054 ἐρεῖς
1683 960 1791 1034 ὅσ’
1824 960 1911 1034 ἂν
1938 968 2155 1055 λέγῃς.

303 1079 363 1134 Η
383 1082 435 1134 Γ.
527 1065 687 1159 ὁρᾷς
714 1063 853 1136 τόδ’
887 1064 1092 1154 ἄγγος
1116 1065 1312 1155 χερὸς
1340 1063 1460 1136 ὑπ’
1496 1063 1818 1155 ἀγκάλαις
1844 1071 2065 1155 έμαϊς;

303 1178 495 1238 [ΜΝ.
527 1167 662 1260 ὁρῶ
693 1167 987 1249 παλαιὰν
1014 1165 1326 1258 ἀντίπηγ’
1362 1172 1436 1239 ἐν
1461 1171 1849 1257 στέμμασιν.

303 1286 363 1338 Η
383 1286 439 1338 Γ.
527 1276 598 1342 ἐν
630 1274 795 1361 τῇδέ
817 1268 883 1342 σ’
920 1278 1165 1361 ἔλαβον
1190 1271 1516 1358 νεόγονον
1547 1274 1799 1362 βρέφος
1829 1273 2006 1342 ποτέ.

299 1386 399 1442 ΗΞ
419 1382 495 1442 Ν.
531 1381 600 1443 τί
622 1373 790 1462 φής;
819 1370 854 1443 ὁ
884 1379 1107 1462 μῦθος
1136 1373 1591 1460 εἰσενήνεκται
1618 1376 1788 1454 νέος.
2177 1387 2312 1442 1340

295 1486 363 1542 H
383 1486 439 1542 Γ.
523 1481 679 1564 σιγῇ
706 1472 835 1563 γὰρ
867 1474 1045 1562 εἶχον
1074 1472 1277 1544 αὐτά·
1304 1482 1440 1544 νῦν
1466 1475 1542 1545 δὲ
1570 1481 1954 1563 δείκνυμεν.

301 1586 495 1646 [Δΐ-ΞΜ.
527 1583 667 1656 πῶς
696 1567 824 1644 οὖν
852 1583 1177 1666 ἔκρυπτες
1203 1580 1359 1647 τόδε
1380 1575 1660 1665 λαβοῦσ’
1694 1574 1865 1667 ἡμᾶς
1892 1577 2136 1660 πάλαις

303 1690 363 1746 Π
387 1690 439 1746 Γ.
531 1674 562 1747 ὁ
593 1676 756 1758 θεὸς
784 1674 1086 1767 ἐβούλετ’
1118 1682 1195 1748 έν
1221 1678 1451 1768 δόμοις
1477 1676 1541 1747 σ’
1584 1686 1763 1767 ἔχειν
1797 1676 2053 1769 λάτριν.

303 1790 495 1846 {stiffi
527 1786 657 1850 νῦν
685 1778 750 1848 δ’
782 1778 933 1867 οὐχὶ
959 1780 1180 1871 χρῄζει
1197 1811 1215 1864 3
1244 1788 1338 1872 τῷ
1366 1780 1519 1851 τόδε
1548 1787 1813 1870 γνῶναί
1833 1809 1916 1869 με
1943 1779 2069 1869 χρή
2086 1812 2104 1864 ;

303 1894 363 1950 Π
383 1894 439 1950 Γ.
527 1885 778 1971 πατέρα
803 1882 1140 1952 κατειπών
1167 1884 1375 1970 τῆσδέ
1396 1878 1459 1952 σ’
1494 1884 1815 1972 ἐκπέμπει
1842 1882 2106 1971 χθονός.
2175 1899 2310 1954 1345

299 1994 495 2050 ΙΞΞΝ.
527 1981 612 2052 σύ
643 1981 708 2053 δ’
743 1988 816 2054 ἐκ
845 1992 1237 2072 κελευσμῶν
1273 1980 1317 2073 ἦ
1346 1984 1567 2055 πόθεν
1595 1985 1822 2069 σώζεις
1849 1985 2044 2066 τάδε;

303 2098 371 2154 Π
383 2098 439 2154 Γ.
523 2085 855 2172 ἐνθύμιόν
882 2115 997 2174 μοι
1025 2086 1174 2156 τότε
1201 2093 1434 2175 τίθησι
1460 2091 1702 2169 Λοξίας

299 2198 495 2254 ΚΞΝ.
527 2194 595 2254 τί
613 2193 833 2276 χρῆμα
865 2193 1108 2276 δρᾶσαι
1125 2217 1143 2270 ;
1173 2190 1327 2276 λέγε
1347 2240 1367 2275 ‚
1397 2190 1674 2276 πέραινε
1702 2188 1859 2268 σούς
1886 2186 2145 2274 λόγους.

303 2298 439 2354 ΗΓ.
527 2294 736 2356 σῶσαι
763 2285 906 2358 τόδ’
943 2285 1182 2380 εὕρημ’
1217 2297 1311 2370 εἰς
1339 2288 1459 2359 τὸν
1487 2287 1651 2360 ὄντα
1675 2296 1807 2360 νῦν
1833 2289 2097 2377 χρόνον.

299 2398 491 2458 ΠΞΝ.
527 2395 656 2477 ἔχει
686 2392 766 2458 δέ
785 2417 900 2477 μοι
927 2397 1000 2459 τί
1019 2393 1257 2479 κέρδος
1283 2387 1328 2480 ἢ
1354 2397 1507 2460 τίνα
1532 2392 1794 2481 βλάβην
1810 2423 1828 2476 ;
2175 2407 2310 2462 1350

299 2502 360 2558 H
383 2502 436 2558 Γ.
527 2491 773 2561 ἐνθάδε
809 2494 1178 2581 κέκρυπται
1205 2491 1539 2585 σπάργαν’
1575 2489 1674 2576 οἷς
1710 2499 1967 2583 ἐνῆσθα
1996 2494 2103 2564 σύ.

303 2602 491 2662 ffiN.
523 2592 769 2685 μητρὸς
798 2591 948 2664 τάδ’
978 2591 1141 2685 ἡμῖν
1168 2599 1473 2686 ἐκφέρεις
1499 2596 1862 2685 ζητήματα;

303 2710 439 2766 ΗΓ.
531 2700 680 2767 ἐπεί
702 2694 768 2785 γ’
803 2694 839 2769 ὃ
868 2704 1131 2787 δαίμων
1158 2700 1506 2788 βούλεται·
1536 2699 1825 2789 πάροιθε
1853 2694 1922 2767 δ’
1957 2695 2062 2765 οὔ.

303 2810 399 2866 ΗΞ
419 2806 495 2866 ff.
531 2790 586 2866 a?
611 2809 964 2892 μακαρίων
989 2830 1103 2889 μοι
1133 2801 1502 2889 φασμάτων
1535 2797 1652 2889 ἥδ’
1692 2796 1925 2889 ἡμέρα.

304 2910 363 2966 H
383 2910 439 2966 Γ,
531 2901 755 2988 λαβών
781 2930 914 2971 νυν
943 2899 1114 2971 αὐτὰ
1141 2902 1264 2990 τὴν
1292 2911 1624 2974 τεκοῦσαν
1651 2902 1939 2973 ἐκπόνει.
2176 2919 2314 2971 1355

299 3014 487 3070 Hm„
531 3009 751 3070 πᾶσαν
779 3000 845 3072 δ’
881 3003 1192 3074 ἐπελθών
1223 3002 1481 3075 Ἀσιάδ’
1516 3004 1855 3096 Εὐρώπης
1881 3000 1959 3073 θ’
1993 3000 2228 3095 ὅρουςς

307 3114 435 3166 511¹,
535 3103 778 3190 γνώσει
812 3103 960 3175 τάδ’
995 3103 1217 3186 αὐτός.
1248 3116 1371 3177 τοῦ
1405 3115 1580 3178 θεοῦ
1608 3105 1675 3178 δ’
1706 3111 1901 3179 ἕκατί
1927 3128 2003 3178 σε

535 3206 792 3296 ἔθρεψά
817 3204 908 3295 τ’,
943 3198 1000 3276 ῶ
1027 3223 1177 3296 παῖ,
1214 3212 1328 3280 καὶ
1355 3207 1501 3280 τάδ’
1541 3208 1931 3297 ἀποδίδωμί
1957 3234 2085 3295 σοι,

539 3304 578 3376 ὁὶ
607 3324 828 3391 κεῖνος
856 3307 1257 3383 ἀκέλευστόν
1283 3310 1356 3401 μ’
1396 3313 1739 3401 ἐβουλήθη
1770 3319 2004 3399 λαβεῖν

535 3416 750 3480 σῶσαί
771 3410 849 3482 θ’
872 3437 888 3452 ·
921 3411 1083 3484 ὅτου
1111 3415 1192 3483 δέ
1225 3419 1292 3500 γ’
1322 3408 1543 3500 εἵνεκ’,
1580 3411 1707 3483 οὐκ
1737 3422 1864 3501 ἔχω
1896 3414 2140 3499 λέγειν.
2182 3426 2317 3481 1360

535 3511 679 3602 ᾔδει
710 3515 785 3585 δὲ
812 3524 1088 3605 θνητῶν
1122 3511 1307 3594 οὔτις
1334 3511 1722 3604 ἀνθρώπων
1756 3514 1917 3585 τάδε
