2534 3917
355 185 436 249 12

352 2810 483 2869 ΠΡ.

347 2911 505 2971 ΜΕ.

344 3013 483 3073 ΠΡ.

346 3116 502 3176 ΜΕ.

343 3218 484 3290 ΠΡ.

343 3322 500 3381 ME.

341 3422 481 3481 ΠΡ.

347 3524 502 3583 ΜΕ.

808 186 1267 246 ΙΦΙΓΕΝΕΙΑ
1310 188 1383 244 H
1420 189 1537 245 EN
1577 188 1889 247 ΑΥΛΙΔΙ

597 346 788 443 ἆρχε·
820 359 1037 423 τῶνδε
1065 350 1132 423 δ’
1167 344 1258 423 αὖ
1287 357 1489 435 πέλας

573 454 850 537 ’Ί-Ῑλιδος
877 456 1307 544 δυνάστορες,
2271 477 2375 533 280

596 554 718 639 οὕς
751 555 1049 638 Ἐπειοὺς
1079 555 1379 647 ὠνόμαζε
1409 564 1536 638 πᾶς
1564 557 1732 638 λεώς
1751 580 1766 595 ·

596 656 902 753 Εὔρυτος
931 656 1000 729 δ’
1032 656 1282 729 ἄνασσε
1307 665 1524 729 τῶνδε
1541 681 1556 696 ·

591 762 1046 853 λευκήρετμον
1073 758 1141 832 δ’
1167 759 1339 852 ’Ἄρη

604 862 865 954 Τάφιον
893 856 1094 954 ἦγεν,
1122 854 1222 933 οἷν
1249 865 1485 953 Μέγης
1514 861 1762 933 ἄνασσε

592 969 869 1047 Φυλέως
896 966 1211 1056 λόχευμα,
2275 986 2379 1041 285

592 1066 708 1150 τὰς
740 1065 997 1156 Ἐχίνας
1023 1066 1242 1138 λιπὼν
1269 1077 1301 1114 *
1329 1078 1360 1116 *
1390 1078 1421 1115 *
1447 1076 1479 1113 *

595 1170 844 1260 νήσους
869 1169 1239 1260 ναυβάταις
1265 1166 1764 1260 ἀπροσφόρους.

592 1283 764 1353 Αἴας
791 1271 861 1342 δ’
895 1270 931 1345 ὁ
962 1281 1345 1359 Σαλαμῖνος
1373 1278 1698 1361 ἔντροφος
2124 1268 2267 1341 ἆντ.

592 1372 816 1457 δεξιὸν
842 1379 1040 1463 κέρας
1067 1373 1233 1463 πρὸς
1260 1371 1337 1442 τὰ
1366 1369 1560 1442 λαιὸν
1587 1369 1857 1462 ξύναγε,
2266 1392 2373 1445 290

591 1482 728 1545 τῶν
757 1466 966 1545 ἆσσον
993 1472 1202 1566 ὥρμει
1229 1474 1584 1544 πλάταισιν

591 1577 925 1665 ἐσχάταισι
952 1578 1359 1666 συμπλέκων

590 1677 837 1749 δώδεκ’
872 1675 1488 1769 εὐστροφωτάταισι
1513 1689 1788 1748 ναυσίν·
1820 1675 1911 1760 ὧς

593 1779 744 1851 ἄιον
770 1784 884 1851 καὶ
911 1780 1258 1870 ναυβάταν

593 1884 870 1971 εἰδόμαν
895 1883 1070 1953 λεών
1088 1906 1103 1920 ·
1778 1904 1784 1911 ’
2268 1901 2374 1957 295

591 1976 645 2079 ᾦ
674 2015 771 2067 τις
801 1993 866 2055 εἰ
888 1984 1341 2076 προσαρμόσει

594 2088 979 2179 βαρβάρους
1004 2086 1307 2176 βάριδας,

589 2190 831 2260 νόστον
858 2186 984 2259 οὐκ
1014 2186 1380 2275 ἀποίσεται,

590 2289 833 2361 ἐνθάδ’
869 2287 1017 2360 οἷον
1047 2289 1325 2378 εἰδόμαν

586 2393 784 2462 νάιον
811 2391 1137 2484 πόρευμα,
2260 2409 2375 2462 300

587 2493 668 2564 τὰ
696 2493 773 2563 δὲ
799 2492 946 2564 κατ’
981 2505 1208 2577 οἴκους
1236 2495 1538 2566 κλύουσα
1564 2495 1945 2585 συγκλήτου

585 2595 856 2687 μνήμην
884 2596 1172 2686 σώζομαι
1202 2596 1713 2690 στρατεύματος.

580 2807 916 2890 Μενέλαε,
948 2810 1192 2893 τολμᾷς
1220 2800 1424 2890 δείν’,
1454 2799 1499 2872 ἅ
1525 2800 1591 2872 σ’
1626 2798 1711 2872 οὐ
1741 2809 1994 2891 τολμᾶν
2022 2800 2257 2894 χρεών.

585 2899 876 2973 ἄπελθε·
909 2912 1065 2974 λίαν
1091 2904 1477 2975 δεσπόταισι
1509 2903 1739 2984 πιστὸς
1770 2902 1850 2973 εἴ.

578 3005 788 3076 καλόν
815 3009 899 3093 γε’
918 3034 1031 3094 μοι
1057 3002 1404 3087 τοῦνειδος
1433 3010 1877 3090 ἐξωνείδισας.
2264 3020 2376 3075 305

581 3116 838 3187 κλαίοις
865 3105 987 3197 ἄν,
1019 3115 1083 3179 εἰ
1104 3108 1427 3201 πράσσοις
1456 3106 1501 3178 ἃ
1527 3107 1618 3197 μὴ
1649 3108 1976 3200 πράσσειν
2004 3128 2081 3177 σε
2108 3112 2232 3176 δεῖ.

575 3207 660 3280 οὐ
687 3217 858 3301 χρῆν
883 3234 960 3280 σε
989 3217 1190 3281 λῦσαι
1218 3213 1476 3299 δέλτον,
1508 3208 1596 3299 ἢν
1624 3208 1755 3299 ἐγώ
1783 3207 2055 3301 “”φερον.

580 3309 745 3382 οὐδέ
768 3340 844 3400 γε
888 3323 1123 3401 φέρειν
1157 3333 1232 3381 σε
1276 3320 1482 3384 πᾶσιν
1506 3310 1825 3401 Ἕλλησιν
1851 3312 2045 3382 κακά.

573 3410 799 3495 αλλοις
825 3410 1082 3502 ἁμιλλῶ
1109 3410 1324 3485 ταῦτ’·
1356 3442 1527 3505 αφες
1554 3414 1631 3484 δὲ
1658 3412 1853 3541 τήνδ’
1887 3420 2055 3502 ἐμοί.

583 3512 709 3583 οὐκ
739 3544 824 3585 αν
851 3523 1207 3605 μεθείμην.
1236 3524 1377 3585 ΠΡ.
1413 3514 1568 3586 ουδ’
1604 3514 1807 3605 ἔγωγ’
1842 3514 2207 3606 ἀφήσομαι.
2264 3532 2385 3588 310
