2534 3917
2084 209 2209 274 245

275 385 600 472 μέμνονος
642 389 936 471 γυναικί.
1007 383 1343 471 μαθόντες
1384 383 1459 452 δὲ
1500 383 2061 472 Κλυταιμνήστρα
2099 385 2213 452 καὶ

277 495 610 572 Αἴγισθος
662 484 788 575 τήν
840 511 912 554 τε
960 491 1210 574 Τροίαν
1256 483 1552 554 ἀλοῦσαν
1594 487 1709 554 καὶ
1754 482 2213 575 Ἀγαμέμνονα

275 587 437 676 μετὰ
463 594 600 656 τῶν
629 584 854 656 ἄλλων
883 593 1114 658 οἴκαδε
1155 590 1463 674 πλέοντα,
1494 586 1940 676 βουλεύονται
1968 595 2213 655 τοῦτον

274 697 389 777 τῆς
435 696 649 770 οἰκίας
702 692 1186 778 ἐπειλημμένον
1239 687 1667 778 ἀποκτενεῖν,
1712 695 1827 759 ἵνα
1864 688 1955 779 μὴ
1997 688 2212 781 τούτῳ

273 793 700 880 γνωσθέντος
727 799 850 860 τοῦ
890 798 1088 879 σφῶν
1127 792 1633 883 πονηρεύματος
1670 790 1867 862 αὐτοὶ
1907 797 2211 883 παραδο-
2237 805 2271 858 5

272 905 467 963 θεῖεν
493 892 770 986 θανάτῳ
788 915 802 930 ·
835 890 874 963 ὃ
899 892 985 981 δὴ
1014 897 1128 963 καὶ
1156 890 1422 982 ἤνυσαν
1449 897 1563 964 καὶ
1602 893 2065 964 ἐπανελθόντα
2092 891 2212 962 τὸν

265 995 722 1084 Ἀγαμέμνονα
753 992 1250 1066 ἀποκτείνουσι.
1305 1003 1555 1084 χιτῶνα
1582 995 1711 1087 γὰρ
1742 996 1833 1086 μὴ
1867 994 2213 1079 διεξόδους

269 1105 568 1185 κεφαλῆς
607 1099 720 1166 καὶ
755 1104 1003 1187 χειρῶν
1053 1105 1288 1187 ἔχοντα
1339 1098 1504 1186 μετὰ
1554 1097 1627 1169 τό
1684 1097 1975 1189 λουτρὸν
2028 1101 2213 1166 ἐνδι-

270 1201 601 1270 δύσκουσι
644 1202 758 1268 καὶ
796 1204 870 1269 ἐν
910 1207 1003 1294 τῷ
1047 1203 1313 1270 πελέκει
1353 1207 1595 1271 τοῦτον
1638 1201 2033 1290 φονεύουσι.
2090 1227 2211 1289 με-

268 1301 437 1384 ταξὺ
481 1307 652 1389 γοῦν
693 1309 814 1371 τοῦ
859 1299 1426 1392 Ἀγαμεμνονείου
1469 1303 1691 1391 φόνου
1737 1301 2057 1392 Ἠλέκτρα
2096 1301 2207 1371 τὸν
2228 1319 2295 1372 10

268 1401 573 1491 ἀδελφὸν
619 1400 969 1494 Ὀρέστην,
1025 1410 1138 1474 ἵνα
1202 1405 1294 1493 μὴ
1349 1407 1462 1474 καὶ
1529 1397 1726 1486 οὗτος
1792 1404 2211 1494 ἀναιρεθείη,

267 1509 573 1588 κλέψασα
600 1512 721 1574 καί
740 1533 876 1575 τινι
903 1511 1118 1577 δοῦσα
1145 1513 1556 1600 παιδαγωγῷ
1600 1515 1693 1589 εἰς
1724 1513 2003 1576 Φωκίδα
2030 1505 2211 1595 παρὰ

267 1609 623 1697 Στρόφιον
650 1610 892 1697 πέμπει
909 1661 927 1697 ,
959 1618 1164 1697 φίλον
1192 1612 1307 1679 καὶ
1333 1619 1628 1699 συγγενῆ
1659 1617 1779 1680 τοῦ
1806 1606 2054 1699 πατρὸς
2083 1605 2212 1677 αὖ-

267 1717 389 1798 τῆς
414 1709 850 1799 τυγχάνοντα.
883 1708 1191 1802 Ὀρέστης
1221 1714 1299 1781 δὲ
1328 1719 1424 1793 εἰς
1451 1710 1703 1804 ἄνδρας
1742 1709 1962 1798 ἥκων,
1992 1736 2210 1800 παρα-

265 1812 502 1902 λαβών
528 1813 858 1901 Πυλάδην
887 1812 1008 1883 τὸν
1036 1819 1243 1884 παῖδα
1273 1821 1645 1903 Στροφίου,
1678 1810 1787 1901 ἐφ’
1825 1805 1879 1906 ᾦ
1905 1809 2049 1900 μετ’
2083 1808 2211 1880 αὐ-
2228 1833 2292 1885 15

263 1921 394 1985 τοῦ
425 1925 764 2004 Αἴγισθον
792 1917 905 1984 καὶ
931 1915 1538 2006 Κλυταιμνήστραν
1565 1915 2047 2004 τιμωρήσαιτο,
2086 1942 2210 1984 κα·-

266 2017 679 2105 ταλαμβάνει
717 2017 942 2111 λάθρᾳ
981 2017 1056 2088 τὸ
1074 2017 1339 2108 ”Αργος.
1386 2020 1501 2087 καὶ
1539 2017 1839 2108 χρησμὸν
1868 2015 2049 2105 παρὰ
2089 2024 2209 2086 τοῦ

264 2127 552 2190 Πυθίου
594 2120 951 2209 δεξάμενος
991 2129 1187 2191 τοῦτο
1215 2137 1467 2209 ποιεῖν,
1506 2128 1772 2209 πρῶτον
1797 2120 1922 2208 μὲν
1951 2126 2209 2208 ἔρχεται

265 2221 440 2313 πρὸς
470 2221 588 2292 τὸν
614 2230 735 2292 τοῦ
764 2222 1013 2315 πατρὸς
1039 2223 1258 2313 τάφον
1285 2227 1398 2294 καὶ
1426 2223 1622 2312 θύει,
1655 2222 1795 2294 εἶτά
1820 2251 1884 2292 τι
1909 2228 2209 2310 μηχανᾶ-

265 2353 379 2394 ται
409 2325 691 2394 τοιόνδε.
733 2324 852 2395 τὸν
892 2325 1020 2416 γὰρ
1050 2326 1486 2415 παιδαγωγὸν
1526 2315 1583 2421 ᾦ
1610 2325 1791 2416 παρὰ
1829 2332 1946 2412 τῆς
1979 2321 2294 2393 Ἠλέκ-Ξο

268 2455 430 2516 τρας
483 2421 686 2496 πάλάι
742 2431 1130 2510 πιστευθεὶς
1183 2421 1380 2517 ἧκεν,
1440 2426 1530 2510 ὥς
1584 2435 1877 2518 ἔφημεν,
1936 2433 2029 2507 είς
2085 2424 2209 2514 τὴν

266 2536 570 2617 Φωκίδα,
600 2538 842 2600 τοῦτον
877 2535 1253 2621 προπέμπει
1282 2537 1377 2612 εἰς
1402 2542 1744 2620 Αἴγισθον
1771 2533 1883 2601 καὶ
1909 2537 2210 2598 Κλυται-

267 2632 615 2722 μνήστραν
664 2635 944 2721 λέγοντα
993 2630 1082 2714 ὦς
1125 2631 1435 2725 Ὀρέστης
1481 2637 1556 2702 ἐν
1592 2642 1931 2712 Πυθικοῖς
1971 2629 2209 2710 ἄθλοις

269 2733 574 2825 ἀνῃρέθη
615 2737 728 2804 καὶ
751 2743 885 2806 νῦν
927 2733 1170 2826 ἄνδρες
1207 2735 1290 2804 τὰ
1329 2734 1573 2805 τούτου
1623 2732 1785 2804 ὀστᾶ
1815 2738 1889 2802 ἐν
1916 2738 2208 2824 κιβωτίῳ

269 2846 678 2927 κομίζουσιν,
697 2843 810 2908 ἵνα
829 2839 1158 2932 πατρῴων
1185 2845 1357 2926 γοῦν
1382 2837 1618 2927 τάφων
1644 2836 1831 2926 τύχῃ.
1862 2832 2293 2923 ὑπαχθέν-25

271 2967 378 3020 τες
420 2940 499 3008 δὲ
549 2947 630 3029 τῇ
670 2941 948 3032 τοιαύτῃ
1003 2941 1220 3033 ἀπάτῃ
1263 2940 1828 3030 Κλυταιμνήστρα
1864 2940 1979 3008 καὶ
2006 2948 2209 3024 Αἴγι-

273 3052 475 3128 σθος,
520 3047 636 3112 ἵνα
664 3043 756 3133 μὴ
784 3052 1180 3134 μακρολογῶ
1198 3098 1217 3134 ,
1248 3042 1690 3136 ἀναιροῦνται
1719 3038 1855 3113 ὑπὸ
1893 3039 2209 3131 Ὀρέστου

271 3147 385 3212 καὶ
410 3145 762 3234 Πυλάδου,
802 3146 1031 3237 πρώτη
1060 3149 1184 3235 μὲν
1211 3146 1796 3236 Κλυταιμνήστρα,
1827 3140 2105 3234 ὕστερος
2132 3142 2210 3210 δὲ

273 3255 625 3334 Αἴγισθος.
705 3249 1242 3338 μητροκτονήσας
1288 3257 1523 3319 τοίνυν
1566 3247 1875 3338 Ὀρέστης
1912 3243 2209 3335 Ἐρινύσι

276 3357 673 3439 παραχρῆμα
711 3349 834 3436 τὴν
879 3355 1079 3439 δίκην
1131 3356 1344 3420 ἔδωκε
1400 3358 1654 3438 μανείς.
1730 3350 2083 3427 Μενέλαος
2136 3348 2293 3422 δὲὸο

279 3451 348 3517 ἐκ
383 3458 626 3540 Τροίας
658 3452 902 3540 ἐλθών,
931 3450 1207 3543 ὕστερος
1234 3451 1364 3543 γὰρ
1387 3448 1875 3541 Ἀγαμέμνονος
1895 3453 2206 3536 ἐπανῆκε,

277 3556 387 3622 καὶ
417 3560 510 3646 τῷ
537 3561 872 3646 Ναυπλίῳ
915 3557 1134 3642 λιμένι
1162 3553 1548 3643 προσσχών,
1590 3553 1836 3634 νυκτὸς
1873 3553 1997 3640 μὲν
2028 3547 2209 3620 Ἐλέ-
