2534 3917
1171 177 1329 238 ΙΩΝ
2109 181 2229 244 157

453 355 724 436 ἔχοντας
750 342 950 435 ἡμᾶς,
990 342 1142 415 οὐδ’
1177 341 1268 414 ἵν’
1302 336 1388 433 ἦν
1418 349 1864 436 κεκρυμμένα.

451 451 565 518 καὶ
591 444 770 538 χαῖρ’
790 469 804 485 ·
837 458 988 517 ἴσον
1015 447 1140 537 γάρ
1168 443 1233 517 σ’
1266 444 1356 528 ὡς
1383 446 1649 517 τεκοῦσ’
1689 447 2076 539 ἀσπάζομαι.

447 548 664 644 [ἄρξαι
691 547 753 624 δ’
777 545 944 619 ὅθεν
972 547 1100 637 σὴν
1125 551 1378 638 μητέρα
1410 559 1627 639 ζητεῖν
1656 573 1733 621 σε
1756 552 1913 641 χρή·

452 660 717 742 πρῶτον
751 652 876 739 μὲν
912 662 981 721 εἴ
1004 679 1098 731 τις
1128 658 1497 739 Δελφίδων
1524 653 1811 723 τεκοῦσά
1841 676 1915 723 σε
2102 672 2233 726 1365

458 761 549 835 εἰς
578 753 824 824 τούσδε
847 752 1055 834 ναοὺς
1087 756 1364 841 ἐξέθηκε
1391 758 1751 844 παρθένος,

457 864 682 926 ἔπειτα
717 852 784 925 δ’
820 866 888 926 εἴ
907 883 1006 937 τις
1029 853 1286 938 Ἑλλάς·
1330 859 1394 939 ἐξ
1424 853 1612 945 ἡμῶν
1646 855 1711 926 δ’
1744 865 1912 946 ἔχεις

452 954 711 1028 ἅπαντα
738 966 1000 1047 Φοίβου
1026 955 1127 1045 θ’,
1158 954 1231 1038 ὃς
1259 961 1530 1046 μετέσχε
1558 967 1673 1047 τῆς
1704 960 1955 1053 τύχης]

223 1070 416 1134 [RN.
456 1067 590 1151 φεῦ
617 1067 785 1149 φεῦ·
821 1057 968 1130 κατ’
1003 1056 1224 1130 ὅσσων
1260 1057 1349 1141 ὥς
1382 1058 1597 1150 ὑγρὸν
1626 1062 1850 1150 βάλλω
1887 1061 2127 1151 δάκρυ,

453 1167 666 1233 ἐκεῖσε
694 1160 814 1231 τὸν
839 1169 1010 1232 νοῦν
1037 1160 1230 1249 δούς,
1261 1159 1378 1233 ὅθ’
1409 1159 1452 1250 ἡ
1479 1164 1766 1232 τεκοῦσά
1794 1191 1877 1251 με
2098 1179 2232 1236 1370

451 1279 752 1353 κρυφαῖα
778 1261 1232 1353 νυμφευθεῖσ’
1269 1261 1626 1352 ἀπημπόλα
1653 1264 1877 1355 λάθρᾳ

453 1369 564 1436 καὶ
590 1363 843 1455 μαστὸν
876 1363 1000 1454 οὐχ
1033 1363 1353 1453 ὑπέσχεν·
1387 1363 1536 1435 ἀλλ’
1575 1364 1927 1455 ἀνώνυμος

455 1473 528 1538 ἐν
555 1475 730 1539 θεοῦ
764 1468 1128 1558 μελάθροις
1166 1467 1345 1555 εἶχον
1373 1471 1639 1557 οἰκέτην
1673 1477 1849 1558 βίον.

451 1570 532 1640 τὰ
565 1578 688 1641 τοῦ
723 1577 898 1640 θεοῦ
931 1571 1054 1658 μὲν
1082 1571 1366 1660 χρηστά,
1395 1576 1515 1641 τοῦ
1552 1572 1628 1641 δὲ
1656 1578 1974 1660 δαίμονος

452 1676 692 1762 βαρέα·
724 1673 972 1763 χρόνον
996 1672 1125 1762 γὰρ
1153 1669 1234 1741 ὅν
1261 1669 1333 1760 μ’
1365 1676 1566 1763 ἐχρῆν
1595 1677 1669 1742 ἐν
1697 1671 2017 1762 ἀγκάλαις
2096 1689 2230 1744 1375

449 1773 696 1866 μητρὸς
724 1781 1062 1864 τρυφῆσαι
1087 1781 1207 1843 καί
1233 1803 1297 1842 τι
1322 1781 1704 1863 τερφθῆναι
1733 1781 1910 1863 βίου,

451 1873 923 1966 ἀπεστερήθην
951 1875 1267 1964 φιλτάτης
1294 1874 1541 1964 μητρὸς
1567 1882 1840 1965 τροφῆς.

453 1979 722 2067 τλήμων
750 1977 826 2047 δὲ
851 1975 933 2066 χὴ
965 1977 1250 2047 τεκοῦσά
1278 1975 1378 2065 μ’,
1410 1973 1501 2058 ὥς
1528 1976 1777 2049 ταύτὸν
1804 1979 2025 2059 πάθος

453 2083 788 2167 πέπονθε,
821 2079 1058 2160 παιδὸς
1086 2077 1464 2149 ἀπολέσασα
1491 2080 1843 2170 χαρμονάς.

453 2185 564 2251 καὶ
591 2189 723 2252 νῦν
754 2180 982 2271 λαβὼν
1007 2179 1199 2270 τήνδ’
1232 2178 1543 2271 ἀντίπηγ’
1577 2193 1737 2253 οἴσω
1770 2190 1913 2276 θεῷ
2098 2199 2233 2253 1380

452 2281 774 2374 ἀνάθημ’,
807 2281 900 2354 ἵν’
935 2281 1113 2374 εὕρω
1140 2285 1353 2372 μηδὲν
1381 2276 1480 2354 οἷν
1510 2283 1593 2354 οὐ
1622 2285 1969 2374 βούλομαι.

457 2392 519 2454 εἰ
541 2386 688 2476 γάρ·
696 2413 780 2475 με
807 2387 1018 2474 δούλη
1044 2387 1360 2475 τυγχάνει
1388 2389 1677 2458 τεκοῦσά
1702 2417 1821 2476 τις,

459 2483 688 2576 εὑρεῖν
713 2489 950 2559 κάκιον
976 2486 1210 2579 μητέρ’
1240 2485 1285 2578 ἢ
1313 2487 1587 2578 σιγῶντ’
1624 2493 1762 2560 ἐᾶν.

457 2578 513 2657 ὦ
540 2597 782 2679 Φοῖβε,
811 2606 996 2674 ναοῖς
1023 2589 1389 2679 ἀνατίθημι
1417 2591 1619 2679 τήνδε
1648 2606 1807 2672 σοῖς.

451 2699 666 2762 καίτοι
692 2701 765 2763 τί
782 2692 1047 2781 πάσχω;
1078 2701 1200 2762 τοῦ
1227 2700 1401 2762 θεοῦ
1430 2700 1781 2784 προθυμίᾳ
2100 2709 2229 2764 1385

454 2801 754 2884 πολεμῶ,
782 2793 864 2863 τὰ
889 2793 1136 2885 μητρὸς
1164 2791 1448 2885 σύμβολ’
1483 2791 1556 2874 ὃς
1582 2797 1837 2864 σέσωκέ
1858 2820 1990 2882 μοι.

455 2891 807 2966 ἀνοικτέον
834 2894 982 2966 τάδ’
1015 2899 1153 2967 ἐστὶ
1181 2900 1295 2966 καὶ
1323 2899 1701 2986 τολμητέον.

455 2994 536 3065 τὰ
562 2997 692 3088 γὰρ
719 2996 1102 3088 πεπρωμέν’
1145 3001 1269 3086 οὐχ
1329 2996 1709 3090 ὑπερβαίην
1734 2995 1888 3068 ποτ’
1920 2995 2022 3067 ἀν.

455 3089 510 3167 oe'
537 3098 864 3188 στέμμαθ’
899 3101 1078 3191 ἱερά,
1111 3109 1184 3170 τί
1204 3104 1370 3171 ποτέ
1392 3128 1504 3190 μοι
1532 3101 1923 3187 κεκεύθατε,

455 3203 568 3270 καὶ
596 3200 909 3290 σύνδεθ’,
939 3199 1073 3273 οἶσι
1100 3201 1251 3290 τᾶμ’
1285 3204 1683 3293 ἐφρουρήθη
1704 3210 1904 3292 φίλα;
2099 3217 2231 3272 1390

459 3302 610 3373 ἰδοὺ
638 3301 1042 3395 περίπτυγμ’
1075 3301 1434 3394 ἀντίπηγος
1463 3302 1800 3374 εὐκύκλου

455 3399 547 3484 ὥς
574 3401 656 3475 οὐ
685 3403 1003 3496 γεγήρακ’
1040 3413 1113 3476 ἔκ
1141 3433 1322 3488 τινος
1348 3406 1707 3495 θεηλάτου,
