2534 3917
1015 186 1476 252 ΦΟΙΝΙΣΣΑΙ
2115 191 2240 254 423

65 335 84 416 ’μ
212 373 365 434 ΚΡ.
457 366 571 434 καὶ
594 363 1123 452 ξυστρατήγους·
1158 355 1253 441 εἷς
1280 359 1348 430 δ’
1381 358 1554 450 ἀνὴρ
1585 358 1667 430 οὗ
1702 359 1916 431 πάνθ’
1953 359 2101 453 ὁρᾷ.
2142 379 2242 433 745

91 553 100 558 -
218 475 366 534 ΕΤ.
450 466 695 559 θάρσει
724 471 1091 554 προκρίνας
1124 458 1169 551 ἦ
1197 470 1477 552 φρενῶν
1505 461 1868 553 εὐβουλίας

222 574 368 636 ΚΡ.
461 565 875 658 ἀμφότερον·
907 562 1331 653 ἀπολειφθὲν
1359 564 1488 655 γὰρ
1519 561 1725 634 οὐδὲν
1752 565 2068 656 θάτερον.

216 678 287 738 Ε
295 681 369 738 Τ.
449 679 631 740 ἔσται
660 665 811 738 τάδ’
832 691 847 706 ·
878 664 1106 738 ε’λθων
1134 663 1200 735 δ’
1236 668 1669 757 ἑπτάπυργον
1697 669 1764 746 ἐς
1795 667 1994 736 πόλιν

456 773 627 855 τάξω
654 769 978 858 λοχαγοὺς
1004 767 1173 858 πρὸς
1199 769 1552 856 πύλαισιν,
1585 765 1674 851 ὥς
1703 771 1936 857 λέγεις,

459 885 645 956 ἴσους
671 884 876 944 ἴσοισι
903 879 1327 959 πολεμίοισιν
1353 868 1677 951 ἀντιθείς.
2145 885 2246 942 750

461 978 685 1060 νέμειν
714 977 781 1040 ‹5’
810 977 1095 1042 ἕκαστον
1125 974 1478 1060 διατριβὴν
1506 976 1764 1062 πολλὴν
1795 982 1958 1064 ἔχει,

460 1080 727 1168 ἐχθρῶν
753 1072 873 1145 ὑπ’
910 1071 1139 1155 αὐτοῖς
1166 1081 1456 1161 τείχεσιν
1482 1077 1912 1163 καθημένων.

455 1175 604 1247 ἀλλ’
645 1173 802 1265 εἶμ’,
832 1173 1011 1256 ὅπως
1043 1170 1129 1244 ἂν
1156 1175 1245 1265 μὴ
1279 1184 1716 1266 καταργῶμεν
1740 1179 1921 1268 χέρα.

454 1286 575 1348 καί
600 1308 714 1368 μοι
738 1275 985 1366 γένοιτ’
1020 1274 1324 1366 ἀδελφὸν
1351 1275 1603 1367 ἀντήρη
1633 1286 1868 1367 λαβεῖν

454 1382 573 1450 καὶ
599 1383 1013 1464 ξυσταθέντα
1042 1377 1156 1449 διὰ
1188 1379 1396 1469 μάχης
1426 1381 1603 1449 ἑλεῖν
1633 1385 1806 1468 δορί.
2145 1396 2243 1451 755

460 1484 714 1572 γάμους
745 1478 811 1552 δ’
848 1479 1149 1569 ἀδελφῆς
1176 1478 1562 1570 Ἀντιγόνης
1596 1481 1837 1562 παιδός
1866 1508 1939 1551 τε
1965 1489 2090 1552 σοῦ

456 1591 785 1674 Αἵμονος,
819 1583 941 1654 ἐάν
965 1613 1029 1653 τι
1057 1591 1174 1673 τῆς
1202 1583 1405 1674 τύχης
1433 1583 1563 1672 ἐγώ
1595 1591 1857 1673 σφαλῶ,

456 1689 564 1756 σοὶ
590 1685 716 1776 χρὴ
749 1689 1107 1774 μέλεσθαι·
1139 1685 1264 1773 τὴν
1297 1686 1490 1756 δόσιν
1516 1683 1583 1754 δ’
1619 1690 1942 1774 ἐχέγγυον

454 1786 579 1876 τὴν
606 1785 868 1878 πρόσθε
902 1793 1075 1856 ποιῶ
1105 1794 1237 1856 νῦν
1265 1784 1373 1856 ἐπ’
1409 1787 1660 1868 ἐξόδοις
1689 1790 1894 1874 ἐμαῖς.
2144 1803 2246 1860 760

456 1894 737 1979 μητέρος
779 1889 1069 1976 ἀδελφὸς
1114 1887 1199 1956 εἴ·
1291 1895 1364 1957 τί
1393 1894 1504 1958 δεῖ
1523 1903 2014 1978 μακρηγορεῖν;

462 1989 657 2083 τρέφ’
698 1987 896 2074 ἀξίως
924 2018 1041 2059 νιν
1067 1997 1193 2059 σοῦ
1222 2018 1296 2059 τε
1329 1990 1454 2079 τήν
1483 1987 1544 2059 τ’
1577 1989 1744 2079 ἐμὴν
1769 1991 1986 2080 χάριν.

457 2090 676 2184 πατὴρ
705 2090 769 2162 δ’
804 2096 870 2173 ἐς
897 2086 1109 2161 αὑτὸν
1137 2089 1442 2181 ἀμαθίαν
1471 2089 1890 2181 ὀφλισκάνει,

453 2194 619 2278 ὄψιν
647 2195 1038 2285 τυφλώσας·
1070 2190 1197 2265 οὐκ
1226 2192 1401 2282 ἄγαν
1432 2191 1553 2284 σφ’
1589 2195 1912 2284 ἐπῄνεσα·

458 2295 631 2388 ἡμᾶς
663 2295 724 2368 τ’
760 2294 1029 2389 ἀραῖσιν
1048 2348 1067 2384 ,
1100 2293 1190 2386 ἦν
1215 2297 1419 2386 τύχῃ,
1452 2312 1866 2366 κατακτενεῖ.
2147 2314 2248 2369 765

455 2394 536 2466 ἓν
563 2396 630 2467 δ’
658 2404 839 2468 ἐστὶν
868 2409 1029 2489 ἡμῖν
1058 2404 1303 2489 ἀργόν,
1341 2410 1410 2469 εί
1441 2428 1506 2469 τι
1537 2401 1886 2489 θέσφατον

456 2497 900 2586 οἰωνόμαντις
934 2508 1280 2588 Τειρεσίας
1307 2509 1442 2590 ἔχει
1472 2502 1747 2590 φράσαι,

460 2596 654 2669 τοῦδ’
688 2601 1113 2669 ἐκπυθέσθαι
1142 2599 1332 2670 ταῦτ’
1354 2625 1369 2640 ·
1405 2601 1534 2689 ἐγώ
1565 2604 1641 2672 δὲ
1669 2609 1876 2672 παῖδα
1906 2601 2028 2672 σὸν

470 2705 808 2788 Μενοικέα
835 2709 960 2772 σοῦ
988 2701 1239 2791 πατρὸς
1267 2700 1760 2791 αὐτεπώνυμον

460 2805 705 2883 ἄξοντα
747 2807 982 2889 πέμψω
1048 2809 1255 2893 δεῦρο
1292 2811 1665 2894 Τειρεσίαν,
1694 2809 1952 2894 Κρέον·
2145 2823 2248 2879 770

453 2908 559 2976 σοὶ
590 2905 716 2994 μὲν
745 2902 873 2994 γὰρ
901 2902 1071 2994 ἡδὺς
1101 2911 1196 2986 εἰς
1222 2907 1466 2994 λόγους
1493 2903 1800 2994 ἀφίξεται
1819 2930 1832 2943 ·

456 3005 586 3095 ἐγώ
619 3007 696 3078 δὲ
723 3009 964 3096 τέχνην
990 3006 1323 3096 μαντικὴν
1356 3007 1751 3098 ἐμεμψάμην

451 3106 585 3199 ἤδη
614 3107 782 3200 πρὸς
814 3105 1061 3196 αὐτόν,
1094 3107 1265 3179 ω’στε
1296 3139 1412 3199 μοι
1439 3109 1710 3200 μομφὰς
1739 3118 1936 3198 ἔχειν.

452 3211 644 3283 πόλει
674 3211 751 3280 δὲ
778 3214 891 3281 καὶ
918 3213 1026 3281 σοὶ
1052 3210 1244 3281 ταῦτ’
1277 3215 1658 3303 ἐπισκήπτω
1675 3266 1694 3300 ,
1731 3216 1949 3301 Κρέον
1967 3235 1980 3251 ·

456 3309 671 3400 ἥνπερ
704 3312 1003 3402 κρατήσῃ
1035 3309 1241 3401 τάμά,
1275 3322 1745 3395 Πολυνείκους
1770 3317 1983 3384 νέκυν
2142 3331 2248 3409 775

222 3472 444 3483 1-——-—--...

452 3550 678 3599 κτανεῖν
715 3544 782 3599 θ’
822 3539 887 3608 ὃς
920 3537 1067 3610 ἦλθε
1103 3547 1354 3614 πατρίδα
1391 3543 1708 3614 πορθήσων
1745 3541 1908 3615 ε’μήν.
2136 3552 2242 3602 756
