2534 3917
313 183 400 246 40
773 182 1236 241 ῙΦΙΓΕΝΕΙΑ
1274 181 1349 239 Η
1380 182 1503 239 ΕΝ
1539 179 1851 238 ΑΤΛΙΔΙ

542 354 658 423 καὶ
684 350 776 442 μὴ
805 349 1032 431 κοινὸς
1057 347 1246 438 ἆγὼν
1271 357 1557 441 βροτοῖς,

543 455 634 545 μή
661 481 762 536 τις
787 459 976 524 θεῶν
1001 451 1264 541 φθόνος
1291 458 1481 542 ἔλθῃ.

315 564 460 629 ΚΛ.
543 560 832 647 ἐξῆλθον
856 567 1068 627 οἴκων
1093 554 1655 646 προσκοπουμένη
1683 552 1906 641 πόσιν,

542 659 818 751 χρόνιον
844 654 1102 730 ἀπόντα
1125 653 1609 728 κάκλελοιπότα
1632 658 1888 745 στέγας.

547 767 623 833 ἐν
651 761 1007 853 δακρύοισι
1033 756 1101 828 δ’
1131 756 1175 848 ἡ
1201 758 1483 829 τάλαινα
1509 771 1665 839 παῖς
1692 756 1835 848 ἐμή,
2197 779 2345 831 1100

547 863 795 944 πολλὰς
824 868 996 933 ἱεῖσα
1029 860 1399 949 μεταβολὰς
1424 856 1846 952 ὀδυρμάτων,

547 966 849 1037 θάνατον
877 960 1240 1050 άκούσασᾎ
1272 960 1354 1032 ὃν
1380 962 1595 1052 πατὴρ
1623 961 2043 1051 βουλεύεται.

548 1068 817 1157 μνήμην
845 1065 912 1137 δ’
943 1095 1027 1158 αρ
1037 1063 1267 1153 ἐἶχον
1294 1073 1583 1155 πλησίον
1608 1065 1973 1155 βεβηκότος

541 1168 1030 1259 Ἀγαμέμνονος
1056 1164 1276 1255 τοῦδ’,
1306 1164 1382 1249 ὃς
1409 1170 1520 1238 ἐπὶ
1543 1181 1681 1249 τοῖς
1707 1164 1922 1237 αὑτοῦ
1951 1169 2213 1250 τέκνοις

549 1270 789 1343 ἀνόσια
815 1270 1135 1364 πράσσων
1161 1266 1382 1358 αὐτίχ’
1418 1267 1878 1362 εὑρεθήσεται.
2192 1288 2339 1340 1105

317 1381 522 1444 ΑΓΛ.
550 1374 779 1465 Λήδας
804 1376 1169 1462 γένεθλον,
1199 1374 1276 1442 ἐν
1300 1378 1483 1465 καλῷ
1511 1368 1576 1441 σ’
1619 1374 1741 1455 ἔξω
1772 1371 2000 1460 δόμων

547 1471 811 1565 ηὕρηχ’,
840 1472 935 1544 ἶν’
979 1485 1143 1545 εἴπω
1172 1476 1525 1563 παρθένου
1549 1475 1753 1563 χωρὶς
1779 1475 2023 1562 λόγους

547 1574 667 1658 οὓς
694 1573 821 1646 οὐκ
849 1573 1127 1648 ἀκούειν
1164 1572 1282 1657 τὰς
1306 1580 1733 1665 γαμουμένας
1760 1578 2019 1667 πρέπει.

316 1687 461 1749 ΚΛ.
542 1686 614 1748 τί
633 1676 700 1748 δ’
733 1684 947 1766 ἔστιν,
977 1669 1064 1749 οὗ
1090 1699 1196 1749 σοι
1222 1677 1455 1769 καιρὸς
1482 1676 1940 1762 άντιλάζυταις

313 1788 521 1851 ΑΓΛ.
551 1788 845 1869 ἔκπεμπε
870 1786 1078 1852 παῖδα
1105 1778 1433 1868 δωμάτων
1462 1779 1710 1872 πατρὸς
1747 1783 1910 1868 μέτα
1926 1802 1943 1817 ·
2190 1798 2335 1849 1110

550 1879 640 1965 039
663 1887 968 1973 χέρνιβες
994 1882 1306 1974 πάρεισιν
1330 1880 1876 1974 ηὗτρεπισμέναι,

547 1984 873 2077 προχύται
899 2013 972 2056 τε
997 1985 1274 2075 βάλλειν
1301 1993 1438 2075 πῦρ
1466 1984 1844 2075 καθάρσιον
1870 2000 2117 2077 χεροῖν,

415 2162 422 2167 ,
545 2087 780 2178 μόσχοι
808 2116 878 2158 τε
894 2141 914 2177 ,
943 2087 1072 2179 πρὸ
1101 2086 1336 2176 γάμων
1362 2084 1440 2167 ἃς
1466 2094 1601 2179 θεᾷ
1628 2102 1862 2157 πεσεῖν
1886 2084 2107 2176 χρεὼν

538 2188 869 2279 Ἀρτέμιδι
883 2241 903 2277 ,
931 2193 1212 2278 μέλανος
1236 2192 1509 2277 αἵματος
1538 2187 1914 2279 φυσήματα.

311 2298 458 2359 ΚΛ.
538 2306 677 2371 τοῖς
704 2288 1028 2378 ὀνόμασιν
1056 2291 1182 2378 μὲν
1211 2281 1293 2360 εὗ
1318 2292 1563 2379 λέγεις,
1591 2290 1673 2361 τὰ
1698 2288 1766 2361 δ’
1800 2299 1961 2379 ἔργα
1989 2312 2114 2361 σου
2188 2308 2323 2361 1115

547 2389 674 2463 οὐκ
702 2388 836 2462 οἶδ’
869 2390 1049 2472 ὅπως
1073 2392 1202 2485 χρή
1225 2389 1299 2481 μ’
1336 2387 1762 2482 ὀνομάσασαν
1792 2384 1872 2463 εὖ
1897 2394 2139 2482 λέγειν.

542 2493 743 2585 χώρει
782 2497 857 2565 δὲ
887 2492 1190 2585 θύγατερ
1218 2494 1440 2583 ἐκτός,
1469 2495 1673 2566 οἶσθα
1698 2494 1829 2589 γὰρ
1857 2492 2105 2587 πατρὸς

542 2596 806 2677 πάντως
835 2592 880 2665 ἃ
907 2601 1132 2685 μέλλει
1149 2650 1168 2686 ,
1195 2594 1374 2687 χὺπὸ
1404 2613 1543 2679 τοῖς
1568 2600 1844 2679 πέπλοις
1871 2596 1992 2686 ἄγε

545 2696 828 2788 λαβοῦσ’
866 2697 1184 2793 Ὀρέστην
1209 2699 1333 2771 σὸν
1360 2708 1799 2790 κασίγνητον,
1828 2703 2088 2770 τέκνον,

545 2799 698 2870 ἰδοῦ
727 2802 1049 2891 πάρεστιν
1073 2798 1197 2890 ἥδε
1222 2802 1690 2892 πειθαρχοῦσά
1715 2824 1839 2873 σοι.
2191 2820 2323 2873 1120

544 2900 626 2969 τὰ
654 2898 723 2970 δ’
757 2899 906 2971 ἄλλ’
937 2901 1068 2991 ἐγώ
1097 2902 1226 2993 πρὸ
1257 2910 1459 2992 τῆσδε
1484 2901 1827 2993 κάμαυτῆς
1853 2904 2113 2994 φράσω.

311 3008 514 3071 ΑΓΛ.
545 3004 818 3090 τέκνον,
849 3010 924 3073 τί
944 3011 1230 3092 κλαίεις,
1259 3002 1416 3075 οὐδ’
1449 3002 1559 3076 ἔθ’
1590 3002 1805 3096 ἡδέως
1831 3000 2015 3097 ὁρᾷς,

542 3111 636 3183 εἰς
661 3112 793 3193 γῆν
821 3102 889 3175 δ’
921 3104 1215 3196 ἐρείσασ’
1246 3104 1425 3195 ὄμμα
1452 3106 1703 3201 πρόσθ’
1739 3116 1909 3196 ἔχεις
1936 3110 2275 3191 πέπλους;

309 3212 451 3274 KA.
533 3211 701 3295 φεῦ·

537 3303 673 3377 τίν’
705 3304 792 3378 ἂν
817 3309 1087 3399 λάβοιμι
1113 3320 1251 3382 τῶν
1278 3315 1457 3402 ἐμῶν
1484 3310 1697 3405 ἀρχὴν
1726 3321 1990 3396 κακῶν;

539 3406 744 3478 ἅπασι
771 3409 900 3503 γὰρ
930 3413 1250 3503 πρώτοισι
1275 3415 1654 3507 χρήσασθαι
1683 3417 1863 3507 πάρα
2186 3428 2328 3483 1125

535 3507 686 3594 [κάν
716 3507 1054 3585 ὑστάτοισι
1079 3512 1208 3586 κάν
1236 3520 1497 3605 μέσοισι
1523 3524 1906 3606 πανταχοῦ].
