2534 3917
286 158 423 222 408-

1071 157 1528 216 ΦΟΙΝΙΣΣΑΙ

521 328 829 419 στρύχων
856 353 929 396 τε
957 326 1395 415 κυανόχρωτα
1419 333 1570 413 χαί-

524 459 638 511 τας
668 429 1053 518 πλόκαμον,
1086 429 1374 512 σκιάζων
1405 431 1612 518 δέραν
1645 431 1838 520 ἀμάν.

526 531 603 601 ἰώ
640 532 757 620 ἰοί,
784 540 976 620 μόλις
1006 533 1243 619 φανεὶς

519 631 771 705 ἄελπτα
798 629 1134 721 κάδόκητα
1162 631 1409 723 ματρὸς
1443 630 1740 714 ὠλέναις.

524 744 596 806 τί
618 745 727 826 φῶ
760 758 873 819 σε;
902 743 1043 817 πῶς
1068 731 1334 804 ἅπαντα

523 841 636 908 καὶ
662 841 850 928 χερσὶ
878 839 992 906 καὶ
1019 837 1277 924 λόγοισι

522 942 963 1012 πολυέλικτον
992 936 1250 1008 ἁδονὰν

522 1047 736 1112 ἐκεῖσε
762 1044 877 1112 καὶ
904 1040 978 1110 τὸ
1008 1047 1215 1130 δεῦρο

522 1145 1051 1236 περιχορεύουσα
1078 1146 1318 1233 τέρψιν
1345 1151 1640 1214 παλαιᾶν
1665 1145 1851 1233 λάβω

520 1255 898 1337 χαρμονᾶν;
934 1245 1011 1316 ἰῶ
1040 1249 1252 1333 τέκος,

521 1357 768 1440 ἔρημον
795 1356 1108 1441 πατρῷον
1137 1356 1357 1430 ἔλιπες
1385 1348 1593 1437 δόμον

521 1450 742 1540 φυγὰς
770 1449 1163 1531 ἀποσταλεὶς
1192 1447 1482 1539 ὁμαίμου
1513 1450 1718 1542 λώβᾳ,

518 1545 562 1640 ἦ
593 1551 912 1633 ποθεινὸς
942 1561 1185 1640 φίλοις,

521 1645 563 1741 ἦ
592 1653 913 1736 ποθεινὸς
940 1653 1213 1742 Θήβαις.

521 1753 692 1827 ὅθεν
720 1757 885 1846 ἐμάν
912 1785 983 1828 τε
1013 1755 1383 1847 λευκόχροα
1411 1764 1720 1848 κείρομαι

521 1857 921 1951 δακρυόεσσ’
961 1857 1193 1930 ἀνεῖσα
1226 1861 1468 1928 πένθει
1497 1859 1734 1950 κόμαν,
1817 1900 1822 1902 ·

520 1959 811 2044 ἄπεπλος
845 1965 1123 2052 φαρέων
1147 1968 1446 2049 λευκῶν,
1478 1965 1738 2050 τέκνον,

519 2063 947 2153 δυσόρφναια
977 2062 1046 2134 δ’
1083 2062 1256 2152 ἀμφὶ
1289 2063 1498 2154 τρύχη
1525 2064 1684 2134 τάδε

516 2163 724 2235 σκότι’
759 2163 1137 2256 ἀμείβομαι.

517 2263 553 2337 ὁ
590 2264 655 2336 δ’
689 2272 762 2338 ἐν
788 2267 1054 2356 δόμοισι
1086 2270 1382 2359 πρέσβυς
1411 2265 1902 2357 ὀμματοστερὴς

517 2366 775 2456 ἀπήνας
803 2367 1180 2459 ὁμοπτέρου
1210 2377 1326 2450 τᾶς
1355 2367 1525 2441 ἀπο-

516 2477 820 2558 ζ-υγείσας
854 2470 1083 2558 δόμων

514 2572 739 2642 πόθον
767 2569 1280 2665 ἀμφιδάκρυτον
1314 2573 1421 2647 ἀεὶ
1453 2577 1750 2663 κατέχων

514 2672 716 2765 ἀνῇξε
744 2677 869 2765 μὲν
896 2680 1132 2764 ξίφους

516 2774 622 2846 ἐπ’
654 2774 1010 2871 αὐτόχειρά
1035 2807 1109 2849 τε
1133 2779 1424 2868 σφαγάν,

516 2875 690 2968 ὑπὲρ
715 2883 1005 2970 τέραμνά
1031 2879 1091 2951 τ’
1126 2879 1433 2970 ἀγχόνας,

512 2981 844 3066 στενάζων
871 2980 1036 3070 ἀρὰς
1060 2989 1317 3065 τέκνοις
1333 3007 1349 3021 ·

514 3082 646 3153 σὺν
680 3081 988 3155 ἀλαλαῖσι
1023 3084 1090 3155 δ’
1124 3086 1272 3155 αἰὲν
1300 3087 1688 3176 αἰαγμάτων

512 3183 744 3257 σκότια
772 3186 1156 3278 κρύπτεται.

514 3289 591 3358 σὲ
616 3287 707 3378 δ’,
742 3285 798 3362 ὦ
828 3292 1101 3377 τέκνον,
1128 3292 1243 3360 καὶ
1273 3291 1541 3380 γάμοισι
1572 3292 1657 3381 δὴ

512 3391 698 3459 κλύω
730 3394 1010 3477 ζυγέντα
1039 3393 1442 3463 παιδοποιὸν
1468 3392 1726 3466 &60an-

511 3495 799 3572 ξένοισιν
832 3495 907 3560 ἐν
936 3493 1166 3580 δόμοις
1194 3501 1371 3580 ἔχειν

2213 549 2317 602 320

2203 1061 2304 1116 315

2205 1573 2304 1626 320

2199 2084 2300 2136 325

2200 2595 2310 2649 330
