2534 3917
192 367 257 428 Χ
256 366 339 426 Ο.

186 571 331 631 ΘΕ.

184 673 251 734 Χ
252 671 333 731 Ο.

184 773 328 834 ΘΕ.

185 947 331 1038 ico.

183 1281 326 1342 ΘΕ.

1120 184 1290 247 mm
2079 184 2204 250 149

422 367 634 445 οἴμοι,
663 361 736 424 τί
761 357 1004 439 λέξεως
1034 352 1184 424 οὔτι
1212 381 1348 424 που
1375 354 1762 443 λελήμμεθα

424 473 766 550 κρυφαῖον
798 463 893 537 είς
921 453 1107 526 παῖδ’
1143 459 1615 546 ἐκπορίζουσαι
1645 457 1898 544 φόνον;

416 568 658 650 ἔγνως·
686 562 993 647 μεθέξεις
1018 555 1082 628 δ’
1115 555 1243 627 οὐκ
1273 561 1348 628 έν
1377 555 1686 639 ὑστάτοις
1713 566 1949 628 κακοῦ.
2071 581 2200 633 1115

418 659 621 749 ὤφθη
652 661 731 731 δὲ
756 667 895 742 πῶς
922 659 1003 729 τὰ
1032 658 1296 750 κρυπτὰ
1323 658 1792 750 μηχανήματα;

419 763 495 833 τὸ
521 761 612 852 μὴ
643 767 910 832 δίκαιον
936 768 1052 849 τῆς
1082 766 1274 851 δίκης
1300 758 1693 850 ἡσσώμενον

424 868 697 956 ἐξηῦρεν
725 861 761 934 ὁ
790 863 986 951 θεός,
1018 859 1103 933 ού
1130 871 1503 951 μιανθῆναι
1529 865 1775 932 θέλων.

420 975 601 1051 πῶς;
630 961 911 1050 ἀντιάζω
939 961 1004 1035 σ’
1041 967 1241 1044 ίκέτις
1273 968 1558 1048 ἐξειπεῖν
1585 965 1764 1034 τάδε.

423 1071 845 1157 πεπυσμέναι
871 1065 1001 1156 γὰρ
1035 1074 1099 1137 εἰ
1121 1076 1368 1136 θανεῖν
1393 1063 1568 1155 ἡμᾶς
1591 1066 1830 1157 χρεών,
2065 1087 2202 1140 1120

424 1167 623 1259 ἥδιον
648 1164 735 1240 ἂν
763 1169 1128 1257 θάνοιμεν,
1162 1165 1300 1236 εἴθ’
1332 1163 1502 1257 ὁρᾶν
1533 1168 1724 1256 φάος.

417 1274 562 1342 ἐπεὶ
588 1276 762 1341 θεοῦ
793 1284 1110 1359 μαντεῖον
1138 1263 1333 1362 ᾤχετ’
1365 1266 1661 1338 ἐκλιπών

422 1374 613 1453 πόσις
637 1371 1019 1461 Κρεούσης,
1052 1378 1259 1442 παῖδα
1288 1370 1409 1442 τὸν
1433 1368 1673 1443 καινὸν
1703 1369 1933 1460 λαβών

421 1474 588 1566 πρὸς
617 1481 859 1545 δεῖπνα
887 1480 1136 1555 θυσίας
1161 1471 1238 1543 θ’
1279 1469 1357 1555 ἃς
1383 1483 1572 1555 θεοῖς
1601 1470 1938 1561 ὡπλίζετο,

422 1581 687 1657 Ξοῦθος
714 1577 838 1664 μὲν
868 1572 1057 1668 ᾤχετ’
1093 1583 1265 1646 ἔνθα
1291 1583 1429 1666 πῦρ
1459 1581 1641 1667 πηδᾷ
1666 1583 1838 1647 θεοῦ
2069 1593 2200 1645 1125

419 1687 764 1767 βακχεῖον,
796 1675 887 1758 ὥς
915 1694 1239 1765 σφαγαῖσι
1264 1677 1615 1747 Διονύσου
1642 1680 1884 1765 πέτρας

424 1781 686 1850 δεύσειε
714 1777 948 1861 δισσὰς
976 1778 1216 1861 παιδὸς
1242 1775 1390 1847 ἄντ’
1424 1773 1788 1868 ὀπτηρίων,

422 1884 609 1964 λέξας
628 1903 643 1920 ·
673 1880 761 1951 σὺ
794 1881 919 1970 μὲν
947 1887 1115 1967 νῦν,
1144 1884 1418 1966 τέκνον,
1451 1876 1781 1969 ἀμφήρεις
1809 1881 2034 1966 μένων

423 1982 671 2073 σκηνὰς
699 1980 935 2071 ἀνίστη
965 1981 1305 2051 τεκτόνων
1328 1981 1775 2070 μοχθήμασιν.

421 2085 638 2166 θύσας
667 2085 743 2154 δὲ
767 2087 1068 2172 γενέταις
1094 2093 1365 2154 θεοῖσιν
1389 2077 1478 2171 ἢν
1503 2081 1763 2172 μακρὸν
1790 2084 2039 2174 χρόνον
2069 2100 2200 2154 1130

422 2189 633 2274 μένω,
666 2193 955 2276 παροῦσι
983 2191 1203 2265 δαῖτες
1231 2192 1531 2256 ἔστωσαν
1560 2191 1801 2272 φίλοις.

421 2286 649 2376 λαβῶν
684 2287 761 2357 δὲ
786 2287 1074 2375 μόσχους
1102 2285 1313 2382 ᾤχεθ’
1333 2311 1347 2326 ·
1381 2281 1418 2357 ὁ
1449 2286 1526 2356 δὲ
1551 2293 1823 2369 νεανίας

420 2395 678 2476 σεμνῶς
706 2384 1010 2476 άτοίχους
1043 2388 1404 2481 περιβολὰς
1429 2390 1886 2477 σκηνωμάτων

422 2485 861 2580 ὀρθοστάταις
890 2488 1163 2580 ἱδρύεθ’
1196 2489 1394 2581 ἡλίου
1427 2491 1648 2579 φλόγα

423 2599 643 2672 καλῶς
672 2591 1006 2680 φυλάξας,
1036 2591 1193 2664 οὔτε
1222 2591 1392 2684 πρὸς
1420 2596 1622 2681 μέσας
1655 2593 1905 2680 [βολὰς]
2069 2609 2200 2662 1135

425 2689 723 2783 ἀκτῖνας,
756 2690 903 2765 οὔτ’
934 2685 1028 2763 αὖ
1051 2692 1218 2786 πρὸς
1244 2694 1655 2774 τελευτώσας
1683 2699 1902 2780 [βίον],

423 2799 727 2886 πλέθρου
754 2796 1141 2884 σταθμήσας
1168 2803 1377 2884 μῆκος
1407 2803 1501 2877 εἰς
1533 2790 1891 2883 εὐγωνίαν,

422 2895 698 2988 μέτρημ’
734 2905 1021 2986 ἔχουσαν
1046 2894 1210 2968 τούν
1234 2901 1414 2989 μέσῳ
1442 2926 1520 2986 γε
1546 2905 1814 2987 μυρίων

388 3069 401 3084 ‚
423 3005 656 3069 ποδῶν
683 2997 1016 3090 ἀριθμόν,
1050 2996 1139 3081 ῶς
1170 3003 1486 3086 λέγουσιν
1511 3007 1581 3071 oc
1602 3007 1828 3088 σοφοί,

420 3094 511 3180 ὥς
540 3102 755 3172 πάντα
782 3108 1082 3189 Δελφῶν
1114 3100 1283 3172 λαὸν
1312 3109 1405 3183 εἰς
1433 3111 1682 3191 θοίνην
1714 3109 1961 3171 καλῶν.
2071 3118 2202 3168 1140

419 3201 650 3290 λαβῶν
678 3201 745 3274 δ’
785 3201 1140 3293 ὑφάσμαθ’
1182 3202 1331 3292 ίερά
1364 3211 1738 3296 θησαυρῶν
1765 3202 1947 3292 πάρα

420 3313 837 3394 κατεσκίαζε,
872 3303 1172 3394 θαύματ’
1206 3303 1599 3398 ἀνθρώποις
1626 3303 1815 3396 ὁρᾶν.

424 3414 695 3497 πρῶτον
720 3409 845 3497 μὲν
886 3406 1121 3500 ὀρόφῳ
1162 3411 1461 3500 πτέρυγα
1490 3407 1876 3497 περιβάλλει
1907 3407 2198 3492 πέπλων,

420 3501 741 3598 ἀνάθημα
768 3518 950 3580 Δίου
981 3509 1252 3600 παιδός,
1285 3506 1404 3592 οὓς
1429 3508 1790 3601 Ἡρακλέης
