2534 3917
1015 225 1473 286 ΦΟΙΝΙΣΣΑΙ
2083 225 2210 290 427

420 393 553 486 ἤδη
582 395 751 488 πρὸς
778 393 991 484 ἀλκὴν
1016 393 1358 484 Ἐτεοκλῆς
1385 403 1760 486 Μυκηνίδα
1779 421 1792 434 ·

422 502 565 588 ἐμοὶ
596 497 665 568 δ’
698 495 1048 569 ἐπέσταλκ’
1079 502 1406 586 ἐκμαθεῖν
1435 502 1642 570 σέθεν
1670 499 1871 589 πάρα,

424 609 496 670 τί
520 607 813 693 δρῶντες
840 596 927 670 α”ν
953 599 1235 688 μάλιστα
1264 600 1602 691 σώσαιμεν
1630 603 1848 672 πόλιν.

191 715 366 776 ΤΕΙ.
415 701 832 785 Ἐτεοκλέους
860 703 986 791 μὲν
1025 708 1231 774 εἵνεκ’
1276 699 1364 773 ἄν
1392 705 1636 795 κλῄσας
1687 702 1895 792 στόμα
2102 719 2206 776 865

416 802 756 896 χρησμοὺς
784 808 1097 892 ἐπέσχον·
1129 807 1233 874 σοὶ
1264 802 1360 892 δ’,
1389 809 1534 876 ἐπεὶ
1560 806 1818 897 χρῄζεις
1849 817 2119 894 μαθεῖν,

417 911 601 992 λέξω.
633 923 825 977 νοσεῖ
843 905 973 997 γὰρ
1002 903 1126 995 ἥδε
1156 914 1242 996 γῆ
1271 907 1508 997 πάλαι,
1538 912 1782 999 Κρέον,

418 1014 484 1093 ἐξ
514 1002 599 1080 οὗ
626 1008 962 1098 ’τεκνώθη
1001 1009 1206 1091 Λάιος
1233 1017 1354 1101 βίᾳ
1379 1019 1570 1081 θεῶν

416 1113 617 1183 πόσιν
642 1109 707 1182 τ’
740 1118 953 1201 ἔφυσε
979 1113 1180 1201 μητρὶ
1202 1114 1444 1199 μέλεον
1475 1119 1813 1183 Οἰδίπουν
1830 1136 1844 1148 ·

418 1221 495 1285 αἴ
514 1210 591 1284 θ’
628 1216 1003 1303 αἱματωποὶ
1032 1213 1426 1303 δεργμάτων
1455 1216 1830 1303 διαφθοραὶ
2101 1228 2206 1284 870

415 1325 607 1387 θεῶν
632 1315 930 1406 σόφισμα
958 1312 1330 1398 κάπίδειξις
1363 1313 1652 1386 Ἑλλάδι.

415 1415 461 1488 ἃ
488 1417 919 1507 συγκαλύψαι
946 1424 1182 1500 παῖδες
1212 1423 1508 1489 Οἰδίπου
1534 1418 1757 1511 χρόνῳ

414 1521 793 1612 χρῄζοντες,
826 1517 917 1603 ὥς
954 1519 1039 1610 δὴ
1072 1518 1281 1602 θεοὺς
1313 1517 1968 1612 ὑπεκδραμούμενοι,

418 1621 720 1713 ἥμαρτον
748 1621 1061 1711 ἀμαθῶς·
1098 1619 1257 1694 οὔτε
1284 1622 1413 1715 γὰρ
1445 1628 1611 1714 γέρα
1639 1625 1841 1713 πατρὶ

418 1723 568 1794 οὔτ’
602 1729 837 1806 ἔξοδον
864 1725 1168 1806 διδόντες
1194 1722 1413 1814 ἄνδρα
1443 1731 1741 1812 δυστυχῆ
2099 1739 2203 1796 875

416 1829 861 1914 ἐξηγρίωσαν·
895 1829 968 1895 ἐκ
1002 1823 1067 1894 δ’
1106 1823 1381 1895 ἔπνευσ’
1415 1823 1645 1907 αὐτοῖς
1684 1823 1848 1916 ἱερὰς

419 1927 645 2009 δεινὰς
673 1935 896 1997 νοσῶν
922 1956 993 1996 τε
1020 1929 1134 1998 καὶ
1161 1925 1328 2017 πρὸς
1353 1924 1812 2017 ἠτιμασμένος.

421 2027 561 2119 ἆγώ
599 2037 671 2098 τί
698 2026 780 2099 οὐ
810 2035 1029 2120 δρῶν,
1060 2045 1222 2100 ποτα
1249 2026 1316 2099 δ’
1347 2026 1432 2098 οὐ
1464 2033 1683 2118 λέγων
1711 2037 1859 2118 ἔπη,

417 2140 513 2214 εἰς
543 2140 741 2220 ἔχθος
766 2121 986 2220 ἦλθον
1013 2135 1198 2202 παισὶ
1231 2147 1446 2202 τοῖσιν
1479 2139 1792 2202 Οἰδίπου.

416 2233 619 2323 ἐγγὺς
650 2233 725 2304 δὲ
752 2241 1049 2317 θοίνατος
1075 2231 1386 2325 αὐτόχειρ
1417 2231 1678 2322 αὐτοῖς,
1707 2238 1931 2326 Κρέον
1949 2257 1963 2271 ·
2095 2249 2202 2305 880

416 2339 652 2407 πολλοὶ
680 2336 757 2407 δὲ
789 2338 1025 2425 νεκροὶ
1050 2339 1206 2428 περὶ
1232 2353 1499 2427 νεκροῖς
1525 2335 1943 2419 πεπτωκότες
2034 2374 2051 2382 -

413 2435 677 2529 Ἀργεϊα
704 2441 817 2508 καὶ
843 2445 1149 2527 Καδμεῖα
1177 2443 1483 2527 μίξαντες
1510 2441 1672 2527 βέλη

413 2537 697 2630 πικροὺς
723 2540 925 2629 γόους
953 2541 1245 2611 δώσουσι
1279 2549 1543 2632 Θηβαίᾳ
1568 2550 1789 2630 χθονί.

416 2642 503 2712 σύ
533 2639 593 2711 τ’
628 2633 684 2711 ὦ
711 2640 991 2712 τάλαινα
1016 2643 1596 2731 συγκατασκάπτει
1627 2644 1804 2723 πόλι,

420 2751 483 2813 εἰ
506 2743 597 2832 μὴ
632 2743 858 2833 λόγοις
885 2772 984 2826 τις
1010 2760 1148 2826 τοῖς
1175 2748 1388 2832 ἐμοῖσι
1417 2751 1736 2813 πείσεται.
2095 2757 2198 2814 885

421 2849 637 2915 έκεῖνο
668 2847 794 2935 μὲν
823 2843 953 2936 γὰρ
986 2853 1256 2936 πρῶτον
1281 2836 1401 2934 ἦν,
1434 2853 1571 2916 τῶν
1604 2851 1895 2915 Οἰδίπου

417 2953 676 3038 μηδένα
706 2955 988 3035 πολίτην
1013 2945 1173 3036 μηδ’
1209 2944 1446 3017 ἄνακτ’
1480 2945 1654 3016 εἶναι
1679 2947 1946 3034 χθονός,

418 3047 509 3132 ὥς
537 3056 998 3135 δαιμονῶντας
1024 3047 1566 3140 κάνατρέψοντας
1593 3053 1812 3119 πόλιν.

368 3153 561 3251 ,Ατέπεὶ
594 3151 671 3220 δὲ
703 3167 1017 3241 κρεῖσσον
1044 3149 1118 3220 τὸ
1148 3151 1359 3221 κακόν
1385 3155 1524 3221 ἐστι
1552 3147 1882 3239 τάγαθοῦ,

380 3245 385 3252 ’
416 3249 516 3341 μί’
552 3260 733 3322 ἔστιν
760 3250 926 3340 ἄλλη
953 3250 1212 3341 μηχανὴ
1243 3260 1594 3343 σωτηρίας.
2043 3268 2051 3276 “
2095 3265 2200 3319 890

417 3351 568 3422 ἀλλ’
602 3351 687 3423 οὐ
714 3351 845 3444 γὰρ
881 3361 1097 3423 εἰπεῖν
1127 3350 1276 3423 οὔτ’
1311 3357 1457 3442 ἐμοὶ
1484 3351 1629 3423 τόδ’
1665 3348 1960 3442 ἀσφαλὲς

419 3455 665 3544 πικρόν
697 3483 769 3524 τε
798 3471 970 3524 τοῖσι
998 3453 1124 3544 τὴν
1148 3455 1359 3543 τύχην
1385 3457 1812 3542 κεκτημένοις

414 3556 607 3652 πόλει
635 3572 1003 3647 παρασχεῖν
1030 3555 1390 3646 φάρμακον
1417 3562 1766 3645 σωτηρίας.
