2534 3917
564 193 1027 250 ΙΦΙΓΕΝΕΙΑ
1068 195 1141 250 Η
1177 195 1302 252 ΕΝ
1346 197 1707 255 ΤΑΥΡΟΙΣ
2057 197 2140 262 95

354 358 399 451 ἦ
425 369 547 450 γῆς
576 361 889 454 πατρῴας
917 361 1153 443 νόστος
1180 357 1227 452 ἦ
1254 373 1502 433 θανεῖν
1530 373 1682 453 ἔχει.

352 473 651 533 σωθεῖσα
683 460 777 551 δ’,
810 459 899 544 ὥς
930 458 1015 531 ἂν
1046 466 1159 533 καὶ
1188 462 1276 534 σύ
1306 475 1638 557 κοινωνῇς
1667 469 1889 559 τύχης,

352 566 545 636 σώσω
576 561 641 633 σ’
676 569 742 646 ἐς
776 561 1061 636 Ἑλλάδ’.
1094 563 1263 636 ἀλλὰ
1295 566 1462 658 πρός
1489 587 1564 638 σε
1593 573 1832 658 δεξιᾶς,

353 670 426 738 σὲ
453 670 567 736 καὶ
599 666 665 736 σ’
700 673 1049 756 ἱκνοῦμαι,
1082 669 1155 737 σὲ
1184 671 1260 739 δὲ
1290 679 1491 758 φίλης
1521 678 1846 762 παρηίδος

351 769 659 858 γονάτων
687 796 759 838 τε
784 773 899 838 καὶ
926 777 1064 840 τῶν
1092 775 1167 839 ἐν
1199 770 1463 859 δόμοισι
1493 776 1836 860 φιλτάτων
2001 792 2136 848 1070

353 869 621 963 [μητρὸς
650 871 897 962 πατρός
927 901 998 942 τε
1026 875 1139 941 καὶ
1167 877 1427 943 τέκνων
1455 870 1588 966 ὅτῳ
1618 883 1860 963 κυρεῖ],

350 984 421 1044 τί
445 977 618 1062 φατέ
626 1006 644 1059 3
677 981 777 1055 τίς
805 971 999 1063 ὑμῶν
1027 997 1237 1064 φησιν
1268 971 1313 1064 ἦ
1342 983 1439 1057 τίς
1471 973 1554 1046 οὐ
1582 981 1790 1066 θέλει,

351 1079 743 1166 φθέγξασθε
761 1130 779 1164 ,
814 1085 1058 1159 ταῦτα;
1088 1073 1179 1167 μὴ
1208 1077 1338 1167 γὰρ
1367 1084 1707 1149 αἰνουσῶν
1734 1081 1976 1168 λόγους

350 1175 572 1248 ὄλωλα
601 1175 787 1266 κᾶγώ
819 1182 931 1249 καὶ
959 1187 1359 1266 κασίγνητος
1387 1177 1607 1261 τάλας.

150 1291 263 1350 XO.
344 1280 619 1368 θάρσει,
650 1290 815 1370 φίλη
847 1284 1201 1367 δέσποινα,
1232 1283 1345 1350 καὶ
1375 1279 1591 1364 σώζου
1616 1281 1861 1371 μόνον·
2001 1299 2131 1356 1075

43 1579 45 1586 ’
147 1596 241 1655 [Φ.

352 1379 437 1463 ὦς
467 1389 541 1453 ἔκ
571 1381 638 1471 γ’
673 1387 836 1472 ἐμοῦ
866 1406 971 1454 σοι
1000 1381 1218 1453 πάντα
1249 1383 1708 1473 σιγηθήσεται,

356 1497 509 1556 ἴστω
537 1488 742 1574 μέγας
768 1485 975 1573 Ζεύς,
1012 1475 1111 1555 ὦν
1139 1484 1562 1576 ἐπισκήπτεις
1595 1491 1766 1578 πέρι.

348 1585 629 1658 ὄναισθε
656 1588 907 1677 μύθων
934 1591 1047 1657 καὶ
1079 1584 1386 1675 γένοισθ’
1421 1585 1834 1677 εὐδαίμονες.

350 1688 470 1762 σὸν
498 1696 702 1778 ἔργον
728 1687 859 1779 ἤδη
888 1692 1004 1758 καὶ
1032 1687 1157 1759 σὸν
1188 1697 1556 1779 εἰσβαίνειν
1586 1690 1864 1779 δόμους·

354 1789 439 1872 ὥς
466 1789 689 1880 αὐτίχ’
722 1789 865 1882 ἥξει
892 1798 1096 1880 τῆσδε
1124 1800 1440 1882 κοίρανος
1465 1793 1734 1880 χθονός,
1995 1811 2133 1867 1080

352 1901 605 1964 θυσίαν
638 1897 944 1983 ἐλέγξων,
976 1901 1039 1964 εί
1060 1901 1564 1983 κατείργασται,
1593 1897 1824 1977 ξένων.

353 1988 405 2066 ὦ
434 1993 681 2083 πότνι’,
714 1993 885 2087 ἥπερ
914 1993 985 2085 μ’
1016 1992 1317 2076 Αὐλίδος
1344 1992 1513 2064 κατὰ
1539 2003 1790 2082 πτυχὰς

351 2105 574 2188 δεινῆς
608 2104 861 2180 ἔσωσας
890 2103 963 2168 ἐκ
991 2096 1454 2187 πατροκτόνου
1480 2097 1694 2187 χερός,

348 2201 570 2272 σῶσόν
596 2228 677 2288 με
705 2204 817 2271 καὶ
844 2209 977 2270 νῦν
1004 2201 1249 2271 τούσδε
1279 2197 1341 2269 τ’
1363 2222 1378 2237 ·
1407 2195 1454 2288 ἦ
1477 2197 1552 2269 τὸ
1579 2202 1828 2282 Λοξίου

350 2300 575 2373 οὐκέτι
604 2307 903 2394 βροτοῖσι
931 2301 1045 2372 διὰ
1074 2299 1138 2373 σ’
1172 2302 1500 2391 ἐτήτυμον
1525 2303 1755 2391 στόμα.
1994 2319 2129 2373 1085

354 2402 501 2474 ἀλλ’
539 2402 825 2494 εὐμενὴς
854 2413 1100 2494 ἔκβηθι
1126 2402 1478 2495 βαρβάρου
1503 2403 1753 2492 χθονὸς

351 2515 444 2588 είς
470 2507 587 2589 τὰς
619 2504 942 2597 Ἀθήνας·
970 2509 1085 2577 καὶ
1114 2505 1242 2595 γὰρ
1273 2504 1513 2576 ἐνθάδ’
1545 2503 1629 2577 οὐ
1658 2509 1895 2596 πρέπει

350 2617 606 2697 ναίειν,
634 2609 854 2699 παρόν
885 2630 990 2678 σοι
1016 2608 1216 2680 πόλιν
1243 2603 1422 2696 ἔχειν
1452 2605 1839 2696 εὐδαίμονα.

250 2767 257 2781 ,
346 2709 552 2801 ὅρνις,
583 2708 627 2781 ἃ
652 2709 833 2803 παρὰ
861 2717 1175 2800 πετρίνας
1784 2730 1923 2798 στρ.

351 2815 603 2884 πόντου
631 2815 976 2904 δειράδας,
1008 2809 1302 2902 ἀλκυών,
1991 2827 2132 2882 1090

353 2925 587 3005 ἔλεγον
612 2915 884 3006 οἰκτρὸν
912 2913 1179 3003 ἀείδεις,

356 3015 717 3102 εὐξύνετον
748 3022 1076 3101 ξυνετοῖσι
1106 3016 1298 3105 βοάν,

349 3117 453 3190 ὅτι
482 3120 683 3192 πόσιν
711 3126 1013 3201 κελαδεῖς
1042 3115 1145 3189 άεὶ
1174 3127 1477 3207 μολπαῖς,

351 3222 485 3310 ἐγώ
515 3245 620 3293 σοι
650 3223 1157 3311 παραβάλλομαι
1285 3231 1288 3234 ’

350 3324 683 3416 θρήνους,
714 3322 996 3416 ἄπτερος
1023 3321 1230 3414 ὅρνις,
1998 3334 2132 3390 1095

352 3423 648 3497 ποθοῦσ’
674 3423 1013 3496 Ἑλλάνων
1042 3423 1352 3515 ἀγόρους,

683 3545 821 3602 1089
836 3573 919 3584 ··-
937 3549 1071 3601 1105
1095 3567 1176 3592 Ξ
1202 3545 1338 3600 1106
1352 3570 1436 3582 ··-···
1453 3543 1589 3596 1122
