2534 3917
639 177 1096 235 ΙΦΙΓΕΝΕΙΑ
1134 177 1198 232 Η
1240 177 1362 234 ΕΝ
1407 178 1793 235 ΤΑΥΡΟῙΣ
2127 177 2214 238 69

429 341 581 413 οὐδ’
618 348 823 422 ίστοῐς
850 346 925 411 ἐν
952 342 1484 432 καλλιφθόγγοις

430 450 693 533 κερκίδι
718 443 1072 525 Παλλάδος
1104 441 1413 524 Ἀτθίδος
1445 443 1600 514 είκοὶ

428 548 542 616 καὶ
578 546 881 615 Τιτάνων
908 541 1355 633 ποικίλλουσ’,
1385 542 1532 614 ἀλλ’

430 648 881 738 αἱμόρραντον
907 648 1383 737 δυσφόρμιγγα
2105 666 2208 720 225

430 752 671 831 ξείνων
700 746 1098 836 αἱμάσσουσ’
1131 745 1299 818 ἄταν
1325 749 1616 837 βωμούς,

432 849 704 939 οἰκτράν
732 847 797 917 τ’
832 849 1195 934 αἰαζόντων
1222 847 1462 937 αὐδάν,

428 952 696 1041 οἰκτρόν
722 948 781 1019 τ’
814 951 1276 1040 ἐκβαλλόντων
1305 953 1622 1044 δάκρυον.

430 1056 544 1123 καὶ
571 1061 703 1122 νῦν
731 1058 977 1122 κείνων
1002 1057 1127 1140 μέν
1152 1081 1267 1141 μοι
1294 1054 1496 1140 λάθα,

428 1153 549 1223 τὸν
575 1153 642 1223 δ’
668 1151 903 1244 ’Ἀργει
930 1158 1276 1242 δμαθέντα
1303 1162 1512 1224 κλαίω
2103 1173 2206 1228 230

430 1256 800 1345 σύγγονον,
831 1252 914 1326 ὃν
942 1262 1174 1326 ἔλιπον
1205 1259 1668 1344 ἐπιμαστίδιον

431 1365 529 1428 ἔτι
555 1360 835 1446 βρέφος,
858 1365 955 1426 ἔτι
981 1359 1172 1444 νέον,
1202 1363 1301 1428 ἔτι
1328 1357 1538 1438 θάλος

428 1462 502 1528 ἐν
528 1461 757 1548 χερσὶν
780 1457 1027 1550 ματρὸς
1054 1457 1221 1548 πρὸς
1251 1462 1552 1549 στέρνοις
1577 1457 1636 1528 τ’

406 1557 641 1649 Ἀργει
668 1567 1090 1650 σκηπτοῦχον
1111 1558 1445 1652 Ὀρέσταν.
2103 1579 2204 1634 235

206 1673 341 1735 XO.
425 1665 535 1731 καὶ
564 1660 697 1750 μὴν
724 1658 834 1732 ὅδ’
865 1657 1065 1742 ἀκτὰς
1094 1662 1386 1733 ἐκλιπών
1411 1672 1825 1745 θαλασσίους

428 1761 816 1853 βουφορβὸς
842 1760 1023 1853 ἥκει,
1056 1772 1376 1853 σημανῶν
1399 1772 1472 1834 τί
1491 1786 1599 1834 σοι
1624 1767 1803 1835 νέον.

208 1876 315 1937 ΒΟ
326 1877 399 1936 Τ.
424 1863 907 1954 Ἀγαμέμνονός
956 1893 1027 1935 τε
1080 1867 1193 1936 καὶ
1218 1867 1816 1956 Κλυταιμνήστρας
1840 1869 2097 1955 τέκνον,

429 1964 638 2036 ἄκουε
664 1974 918 2036 καινῶν
944 1970 1011 2050 ἐξ
1040 1971 1206 2055 ἐμοῦ
1234 1967 1699 2058 κηρυγμάτων.

203 2079 316 2140 ΙΦ.
424 2077 496 2138 τί
517 2066 583 2137 δ’
616 2076 754 2139 ἔστι
782 2075 901 2138 τοῦ
930 2068 1257 2159 παρόντος
1285 2073 1660 2158 ἐκπλῆσσον
1686 2069 1932 2159 λόγους
2101 2086 2204 2140 240

202 2181 395 2242 Bor.
427 2168 711 2259 ἥκουσιν
738 2178 831 2252 εἰς
858 2177 986 2259 γῆν
1009 2223 1027 2256 ,
1078 2175 1378 2240 κυανέαν
1423 2171 1890 2258 Συμπληγάδα

431 2273 645 2362 πλάτῃ
673 2273 1029 2360 φυγόντες,
1074 2275 1384 2358 δίπτυχοι
1428 2276 1723 2358 νεανίαι,

428 2381 562 2464 θεᾷ
591 2382 797 2462 φίλον
824 2374 1232 2464 πρόσφαγμα
1257 2378 1371 2444 καὶ
1399 2374 1730 2466 θυτήριον

419 2473 771 2565 Ἀ’ρτέμιδι.
800 2478 1111 2564 χέρνιβας
1137 2477 1213 2546 δὲ
1243 2479 1356 2546 καὶ
1383 2479 1807 2567 κατάργματα

428 2573 555 2645 οὐκ
585 2573 669 2646 ἂν
698 2576 989 2664 φθάνοις
1016 2574 1102 2647 ἂν
1130 2575 1420 2667 εὐτρεπῆ
1449 2583 1835 2666 ποιουμένη.
2098 2594 2200 2647 245

196 2687 313 2748 ΙΦ.
424 2684 727 2747 ποδαποί
733 2709 751 2760 3
782 2686 967 2758 τίνος
997 2686 1117 2766 γῆς
1144 2681 1345 2767 σχῆμ’
1381 2687 1649 2767 ἔχουσιν
1677 2685 1750 2750 οί
1779 2681 1994 2762 ξένοι;

192 2789 392 2850 Bor.
406 2776 753 2868 ’Έλληνες
785 2776 860 2850 ἓν
887 2778 1070 2850 τοῦτ’
1102 2779 1252 2850 οἶδα
1281 2777 1408 2850 κού
1436 2782 1823 2872 περαιτέρω.

188 2891 311 2951 ΙΦ.
422 2878 578 2950 οὐδ’
611 2879 801 2969 ονομ’
836 2879 1127 2962 ἀκούσας
1156 2881 1359 2952 οἶσθα
1385 2891 1523 2953 τῶν
1547 2885 1758 2966 ξένων
1785 2880 2068 2972 φράσαις

190 2992 245 3052 Β
254 2993 391 3053 OT
422 2983 741 3071 Πυλάδης
768 2981 1069 3073 ἐκλῄζεθ’
1103 3011 1335 3074 ατερος
1361 2983 1528 3074 πρὸς
1553 2988 1868 3076 θατέρου.

188 3093 311 3154 ΙΦ.
419 3092 542 3154 τοῦ
568 3085 857 3172 ξυζύγου
882 3087 960 3156 δε
986 3092 1109 3156 τοῦ
1135 3089 1332 3169 ξένου
1365 3095 1435 3158 τί
1454 3083 1738 3174 τουνομ’
1771 3077 1892 3174 ἦν;
2097 3101 2196 3154 ⁶25⁰

190 3195 390 3257 Bor.
420 3183 651 3265 ουδεὶς
677 3183 823 3256 τόδ’
854 3187 1076 3258 οἶδεν·
1106 3216 1190 3257 ου
1220 3186 1346 3276 γὰρ
1382 3188 1882 3278 εἰσηκούσαμεν.

187 3296 311 3358 ΙΦ.
418 3299 556 3358 ποῦ
589 3285 655 3357 δ’
692 3285 891 3357 εἴδετ’
924 3285 1175 3370 αυτούς
1218 3287 1657 3379 κάντυχόντες
1685 3294 1926 3371 εἴλετε;

189 3398 389 3460 Bor.
423 3387 661 3478 ἄκραις
693 3390 801 3459 ἐπὶ
832 3393 1147 3480 ῥηγμῖσιν
1172 3388 1412 3475 ἀξένου
1439 3392 1675 3483 πόρου.

198 3499 309 3558 [Φ.
420 3493 532 3560 καὶ
561 3499 659 3571 τίς
689 3493 1031 3582 θαλάσσης
1058 3493 1409 3581 βουκόλοις
1435 3499 1790 3572 κοινωνίας
