2534 3917
287 198 417 261 312

288 2623 432 2686 XO.

285 2830 431 2891 ΕΚ.

287 2931 432 2993 ΧΟ.

283 3033 431 3095 ΕΚ.

286 3136 431 3197 XO.

285 3238 428 3298 ΕΚ.

285 3339 430 3400 XO.

286 3438 427 3499 ΕΚ.

1169 197 1453 257 ΡΗΣΟΣ

524 366 855 447 λαθόντες
882 363 1062 454 ὄμμα
1090 364 1345 453 τούμόν
1374 376 1691 456 αἴρεσθαι
1722 366 1953 457 φυγὴν

524 474 846 559 μέλλουσι
863 492 878 507 ·
908 476 1128 540 σαίνει
1155 466 1228 555 μ’
1262 476 1542 555 ἔννυχος
1570 478 1987 559 φρυκτωρία.
2248 494 2323 547 55

525 563 581 642 ῶ
608 577 852 659 δαῖμον
866 624 886 659 ,
915 567 1099 651 ὅστις
1123 568 1196 658 μ’
1231 567 1624 657 εὐτυχοῦντ’
1663 571 2021 660 ἐνόσφισας

521 683 764 763 θοίνης
791 676 1026 744 λέοντα
1039 725 1059 760 ,
1095 675 1258 763 πρὶν
1286 672 1405 743 τὸν
1426 669 1748 764 Ἀργείων
1774 674 2059 764 στρατὸν

525 778 788 868 σύρδην
817 773 1078 845 ἅπαντα
1105 773 1269 867 τῶδ’
1304 772 1648 845 ἀναλῶσαι
1676 781 1849 865 δορί.

526 887 590 948 εί
623 878 751 969 γὰρ
784 880 1070 967 φαεννοὶ
1097 877 1187 964 μη
1216 880 1541 965 ξυνέσχον
1565 875 1765 965 ἡλίου

521 987 930 1071 λαμπτῆρες,
959 977 1086 1049 οῦκ
1112 975 1202 1048 ἂν
1217 988 1424 1067 «ἔσχον
1452 977 1786 1068 εὐτυχοῦν
1812 981 2006 1070 δόρυ,
2240 1000 2323 1054 60

525 1086 688 1173 πρὶν
713 1090 883 1163 ναῦς
908 1088 1218 1170 πυρῶσαι
1245 1084 1360 1152 καὶ
1389 1081 1503 1151 διὰ
1532 1090 1802 1170 σκηνῶν
1827 1092 2061 1171 μολεῖν

525 1193 814 1256 κτείνων
845 1182 1150 1272 Ἀχαιούς
1179 1190 1342 1275 τῇδε
1370 1186 1738 1277 πολυφόνῳ
1765 1193 1933 1274 χερί.

526 1287 710 1378 κᾶγῶ
739 1288 864 1375 μὲν
907 1285 954 1377 ἦ
1007 1287 1359 1378 πρόθυμος
1388 1291 1563 1356 ἰέναι
1591 1286 1763 1376 δόρυ

529 1396 604 1461 ἐν
631 1392 828 1460 νυκτὶ
853 1396 1155 1479 χρῆσθαί
1185 1388 1246 1458 τ’
1282 1387 1554 1477 εὐτυχεῖ
1575 1390 1753 1478 ῥύμῃ
1780 1396 1954 1459 θεοῦ
1971 1411 1984 1424 ·

525 1490 673 1561 ἀλλ’
707 1498 778 1561 οἱ·
799 1496 1012 1577 σοφοί
1032 1518 1116 1577 με
1141 1494 1255 1561 καὶ
1282 1490 1358 1560 τὸ
1388 1502 1585 1562 θεῖον
1616 1491 1866 1572 εἰδότες
2238 1508 2311 1563 65

524 1593 791 1681 μάντεις
821 1599 1096 1662 ἔπεισαν
1125 1590 1373 1685 ἡμέρας
1396 1609 1622 1682 μεῖναι
1650 1593 1843 1682 φάος,

523 1692 784 1767 κᾶπειτ’
814 1692 1096 1783 Ἀχαιῶν
1125 1692 1358 1785 μηδέν’
1394 1700 1468 1766 ἐν
1491 1698 1707 1788 χέρσῳ
1734 1702 1976 1765 λιπεῖν.

525 1802 598 1869 οἳ
618 1796 684 1868 δ’
716 1794 801 1869 ού
827 1800 1105 1885 μένουσι
1131 1806 1268 1868 τῶν
1297 1802 1477 1885 ἐμῶν
1500 1798 1863 1869 θυοσκόων

524 1903 771 1992 βουλάς
787 1925 802 1939 ·
833 1906 909 1971 ἐν
937 1897 1162 1991 ὄρφνῃ
1193 1902 1522 1991 δραπέτης
1549 1902 1719 1990 μέγα
1746 1902 1997 1969 σθένει.

525 2002 671 2075 ἀλλ’
706 2001 796 2085 ῶς
822 2004 1091 2092 τάχιστα
1119 2003 1244 2095 χρὴ
1273 2006 1761 2094 παραγγέλλειν
1785 2010 2045 2094 στρατῶ
2238 2020 2307 2075 70

522 2107 721 2196 τεύχη
749 2107 1070 2196 πρόχειρα
1096 2106 1465 2195 λαμβάνειν
1493 2108 1690 2193 λῆξαί
1713 2101 1793 2175 θ’
1826 2102 2070 2192 ῦπνου,

525 2207 613 2290 ῶς
644 2207 730 2279 ἅν
756 2236 854 2290 τις
883 2206 1111 2278 αὐτῶν
1139 2210 1253 2277 καὶ
1280 2218 1457 2279 νεῶν
1478 2207 1815 2299 θρῶσκων
1844 2214 1953 2277 ἔπι

521 2320 739 2382 νῶτον
762 2312 1123 2401 χαραχθεὶς
1149 2318 1475 2397 κλίμακας
1506 2310 1677 2399 ῥάνῃ
1704 2309 1915 2402 φόνῳ,

529 2420 592 2482 οἳ
624 2410 690 2481 δ’
725 2417 799 2481 ἐν
824 2413 1124 2501 βρόχοισι
1154 2414 1414 2500 δέσμιοι
1443 2413 1841 2501 λελημμένοι

521 2521 818 2602 Φρυγῶν
848 2510 1142 2605 ἀρούρας
1169 2515 1516 2604 ἐκμάθωσι
1548 2528 1888 2603 γαπονεῖν.
2235 2532 2305 2587 75

498 2614 768 2707 Ἕκτορ,
799 2617 1106 2706 ταχύνεις
1147 2621 1310 2708 πρὶν
1336 2629 1585 2707 μαθεῖν
1611 2614 1697 2686 τὰ
1717 2615 2065 2705 δρώμενον
2084 2638 2099 2654 ·

521 2718 763 2811 ἅνδρες
794 2720 920 2811 γὰρ
951 2729 1014 2791 εί
1050 2722 1427 2810 φεύγουσιν
1454 2717 1581 2790 οὐκ
1612 2730 1803 2807 ἴσμεν
1834 2725 2063 2809 τορῶς.

513 2832 613 2904 τίς
642 2822 770 2913 γὰρ
796 2820 946 2909 πύρ’
981 2833 1211 2892 αἴθειν
1239 2822 1575 2912 πρόφασις
1595 2820 1917 2913 Ἀργείων
1944 2822 2265 2913 στρατόν;

515 2922 641 2993 οῦκ
670 2923 801 2993 οἶδ’
827 2947 840 2960 ·
873 2922 1177 2993 ὕποπτον
1206 2922 1274 2993 δ’
1308 2928 1445 2993 ἐστὶ
1474 2922 1665 3014 κάρτ’
1700 2927 1823 3012 ἐμῇ
1854 2928 2077 3011 φρενί.

511 3022 708 3093 πάντ’
737 3021 830 3093 ἂν
859 3029 1190 3114 φοβηθεὶς
1219 3036 1401 3113 ἴσθι,
1431 3031 1799 3113 δειμαίνων
1825 3023 1999 3093 τόδε.
2230 3038 2306 3093 80

516 3123 704 3196 οῦπω
733 3128 896 3216 πρὶν
923 3118 1107 3213 ἧψαν
1133 3129 1437 3215 πολέμιοι
1463 3127 1743 3198 τοσόνδε
1770 3134 1935 3217 φῶς.

513 3225 667 3297 οὐδ’
703 3218 840 3297 ῶδέ
863 3226 930 3316 γ’
963 3235 1248 3318 αἰσχρῶς
1276 3232 1515 3299 ἔπεσον
1544 3233 1619 3298 ἐν
1645 3238 1858 3319 τροπῇ
1887 3225 2102 3316 δορός.

513 3330 602 3399 σύ
629 3328 820 3399 ταῦτ’
855 3333 1168 3421 ἔπραξας·
1200 3335 1314 3401 καὶ
1348 3330 1427 3402 τὰ
1456 3330 1655 3402 λοιπὰ
1680 3338 1815 3401 νῦν
1843 3329 2099 3399 σκόπει.

509 3428 766 3509 ἁπλοῦς
797 3429 908 3501 ἐπ’
941 3436 1209 3523 ἐχθροῖς
1235 3440 1458 3521 μῦθος
1490 3432 1786 3518 ὁπλίζειν
1810 3433 1991 3523 χέρα.
