2534 3917
269 169 400 232 250

266 1980 403 2044 ΕΛ.

1076 173 1463 230 ΟΡΕΣΤΗΣ

501 337 809 410 ἀκταῖσιν
837 337 1063 431 ὁρμεῖ,
1096 338 1311 430 δαρὸν
1338 343 1412 409 ἐκ
1451 346 1691 427 Τροίας
1725 339 1974 428 χρόνον
2222 360 2289 412 55

503 440 726 512 ἄλαισι
755 450 1124 530 πλαγχθείς
1142 466 1156 479 ·
1188 439 1311 530 τὴν
1341 441 1417 511 δὲ
1445 437 1529 530 δὴ
1559 441 1980 511 πολύστονον

496 541 798 634 Ἑλένην,
830 547 1126 634 φυλάξας
1153 543 1367 616 νύκτα
1386 596 1405 632 ,
1438 543 1528 632 μή
1555 570 1654 624 τις
1684 542 1955 612 εἰσιδὼν

500 645 661 735 μεθ’
696 644 953 738 ἡμέραν
981 655 1407 735 στείχουσαν,
1439 638 1546 715 ὦν
1566 641 1687 715 ὑπ’
1717 643 1885 738 Ἰλίῳ

500 756 733 831 παῖδες
768 758 1125 838 τεθνᾶσιν,
1158 757 1252 832 εἰς
1280 753 1544 840 πέτρων
1574 755 1745 838 ἔλθῃ
1772 748 1993 836 βολάς,

500 851 946 943 προύπεμψεν
983 860 1076 934 εἰς
1107 849 1280 939 δῶμ’
1312 848 1668 943 ἡμέτερον·
1715 857 1895 922 ἔστιν
1924 848 1991 918 δ’
2027 857 2155 919 ἔσω
2218 867 2291 921 60

499 952 804 1024 κλαίουσ’
841 952 1144 1043 ἀδελφὴν
1181 953 1539 1044 συμφοράν
1558 981 1627 1022 τε
1662 952 2007 1040 δωμάτων.

501 1063 637 1143 ἔχει
666 1057 741 1126 δὲ
770 1057 855 1146 δή
882 1054 1014 1126 τιν’
1050 1055 1313 1145 ἀλγέων
1342 1054 1778 1145 παραψυχήν·

500 1155 587 1247 ἣν
617 1157 746 1249 γὰρ
774 1156 920 1228 κατ’
959 1169 1186 1241 οἴκους
1221 1156 1427 1247 ἔλιφ’,
1458 1154 1557 1228 ὅτ’
1594 1161 1660 1239 ἐς
1697 1165 1944 1246 Τροίαν
1973 1165 2180 1245 ἔπλει,

498 1265 847 1350 παρθένον
877 1265 1000 1352 ἐμῇ
1027 1290 1100 1332 τε
1127 1265 1329 1352 μητρὶ
1355 1263 1748 1350 παρέδωκεν
1776 1262 2052 1350 τρέφειν

500 1367 854 1446 Μενέλαος
882 1361 1157 1451 ἀγαγών
1179 1359 1535 1453 Ἑρμιόνην
1564 1362 1883 1450 Σπάρτης
1910 1360 2063 1450 ἄπο,
2218 1380 2289 1434 65

411 1529 422 1538 .
497 1465 708 1554 ταύτῃ
738 1468 992 1553 γέγηθε
1023 1463 1468 1554 κάπιλήθεται
1495 1459 1743 1534 κακῶν.

495 1569 722 1654 βλέπω
753 1567 829 1636 δὲ
858 1574 1079 1636 πᾶσαν
1103 1573 1197 1646 εἰς
1226 1562 1415 1656 ὁδόν,
1438 1563 1588 1636 πότ’
1624 1564 1873 1653 ὄψομαι

495 1671 856 1738 Μενέλαον
882 1665 1127 1756 ἥκονθ’
1149 1691 1164 1705 ’
1211 1665 1303 1749 ὥς
1328 1668 1410 1737 τά
1436 1666 1502 1755 γ’
1536 1665 1685 1738 ἀλλ’
1722 1665 1825 1736 ἐπ’
1862 1665 2199 1749 ἀσθενοῦς

495 1776 706 1862 ῥοπῆς
753 1768 1105 1860 ὀχούμεθ’,
1137 1769 1224 1860 ἤν
1252 1799 1317 1842 τι
1341 1768 1435 1860 μὴ
1458 1779 1695 1842 κείνου
1720 1770 1897 1860 πάρα

495 1880 852 1962 σωθῶμεν.
892 1870 1150 1965 ἄπορον
1176 1882 1396 1966 χρῆμα
1424 1879 1778 1962 δυστυχῶν
1806 1872 2028 1960 δόμος.
2214 1889 2285 1946 70

493 1967 548 2044 οἷ
577 1992 699 2046 παῑ
724 1978 1323 2068 Κλυταιμνήστρας
1350 2003 1421 2046 τε
1448 1972 1973 2064 κάγαμέμνονος,

497 2081 802 2169 παρθένε
828 2078 1092 2169 μακρὸν
1123 2079 1206 2168 δὴ
1236 2086 1446 2166 μῆκος
1474 2075 1796 2168 Ἠλέκτρα
1820 2077 2091 2168 χρόνου,

495 2190 668 2268 πῶς,
703 2172 758 2249 ὦ
786 2181 1102 2268 τάλαινα,
1136 2180 1224 2250 σύ
1251 2208 1322 2250 τε
1363 2180 1763 2270 κασίγνητός
1801 2205 1873 2247 τε
1906 2175 2022 2260 σὸς

496 2282 768 2372 τλήμων
788 2281 1097 2371 Ὀρέστης
1123 2281 1373 2372 μητρὸς
1400 2280 1516 2352 ὅδε
1547 2279 1800 2371 φονεὺς
1830 2287 1998 2369 ἔφυ;

497 2387 1064 2473 προσφθέγμασιν
1092 2383 1221 2475 γάρ
1251 2381 1335 2454 ού
1366 2393 1714 2474 μιαίνομαι
1749 2386 1975 2471 σέθεν,
2212 2402 2279 2458 75

498 2493 592 2568 εἰς
626 2494 884 2574 Φοῖβον
913 2482 1351 2578 ἀναφέρουσα
1379 2487 1505 2578 τὴν
1532 2484 1884 2579 ἁμαρτίαν.

491 2596 711 2659 καίτοι
743 2591 952 2659 στένω
987 2617 1065 2677 γε
1091 2588 1210 2660 τὸν
1237 2591 1834 2681 Κλυταιμνήστρας
1858 2588 2072 2679 μόρον

493 2695 654 2782 ἐμῆς
683 2690 1014 2782 ἀδελφῆς,
1044 2690 1162 2782 ἥν,
1197 2696 1341 2764 ἐπεὶ
1366 2692 1533 2785 πρὸς
1554 2691 1764 2762 Ἴλιον

495 2793 768 2865 ἔπλευσ’
803 2793 985 2875 ὅπως
1012 2802 1301 2865 ἔπλευσα
1323 2808 1651 2884 θεομανεῖ
1674 2794 1925 2885 πότμῳ,
2149 2869 2163 2882 ,

497 2894 624 2964 οὐκ
661 2895 878 2984 εἶδον,
911 2894 1405 2986 ἀπολειφθεῖσα
1441 2895 1508 2968 δ’
1546 2898 1746 2982 αἰάζω
1775 2896 1996 2983 τύχας.
2203 2917 2275 2972 80
2318 2915 2323 2919 ⁴

261 3002 411 3068 HA.
487 2993 753 3085 Ἑλένη,
785 3005 858 3066 τί
885 3023 992 3067 σοι
1021 2997 1277 3087 λέγοιμ’
1312 2995 1398 3068 ἀν
1424 2997 1469 3068 ἅ
1500 3028 1576 3088 γε
1612 2995 1899 3090 παροῦσ’
1933 2994 2117 3091 ὁρᾷς,

491 3103 566 3167 ἐν
597 3116 1014 3188 συμφοραῖσι
1049 3097 1169 3168 τὸν
1191 3097 1678 3189 Ἀγαμέμνονος
1709 3101 1957 3191 γόνον;

493 3197 624 3286 ἐγώ
655 3201 780 3288 μὲν
810 3198 1069 3296 ἄυπνος
1098 3201 1431 3292 πάρεδρος
1459 3199 1681 3296 ἀθλίῳ
1707 3209 1950 3295 νεκρῷ,

489 3301 729 3391 νεκρὸς
763 3303 892 3395 γὰρ
924 3294 1122 3386 οὗτος
1171 3310 1396 3376 εἵνεκα
1426 3315 1711 3395 σμικρᾶς
1740 3310 1967 3394 ῥοπῆς,

496 3404 760 3474 θάσσω’
792 3409 873 3474 τὰ
902 3406 1146 3476 τούτου
1177 3405 1241 3476 δ’
1283 3403 1409 3476 ούκ
1441 3404 1745 3490 ὀνειδίζω
1774 3405 1963 3475 κακά.
2207 3423 2275 3475 85
