2534 3917
272 167 285 178 ·
1108 183 1274 243 mzv
2097 185 2218 250 119

193 359 467 420 HMIX.
501 341 637 421 ὦδε
666 347 1060 440 δερκόμεθ’,
1093 341 1150 420 ὦ
1178 357 1395 439 φίλαι,
1425 357 1458 394 *

190 461 465 522 ΗΜΙΧ.
494 451 803 532 λεύσσεις
830 443 961 521 οὖν
991 447 1099 521 ἐπ’
1129 449 1502 548 Ἐγκελάδῳ

428 559 779 642 γοργῶπιν
807 553 1197 624 πάλλουσαν
1226 565 1418 637 ἴτυνς
2114 575 2216 629 210

192 663 466 724 HMIX.
497 654 759 726 λεύσσω
786 653 1094 724 Παλλάδ’
1127 653 1295 742 ἐμάν
1321 656 1512 726 θεόν.

190 764 465 826 HMIX.
496 765 567 826 τί
589 756 751 847 γάρ,
780 755 1120 845 κεραυνὸν

431 855 830 948 ἀμφίπυρον
859 855 1144 948 ὄβριμον
1170 861 1247 928 ἐν
1273 857 1442 940 Διὸς

428 960 807 1047 ἑκηβόλοισι
832 968 1100 1049 χερσίν;

192 1068 464 1130 ΗΜΙΧ.
495 1058 667 1150 ὁρῶ,
696 1059 816 1130 τὸν
843 1061 1040 1131 δάιον

429 1170 756 1251 Μίμαντα
782 1165 949 1252 πυρὶ
974 1172 1395 1232 καταιθαλοῖ.
2110 1184 2210 1238 215

424 1267 541 1335 καὶ
563 1262 853 1354 Βρόμιος
879 1261 1085 1335 ἄλλον
1112 1261 1502 1352 ἀπτολέμοισι

426 1375 787 1437 κισσίνοισι
815 1368 1129 1457 βάκτροις

432 1473 685 1561 ἐναίρει
712 1473 849 1549 Γᾶς
873 1470 1135 1538 τέκνων
1161 1464 1197 1538 ὁ
1224 1468 1545 1558 Βακχεύς.

195 1580 340 1642 ΧΟ.
424 1573 508 1640 σέ
528 1597 632 1640 τοι
660 1567 781 1640 τὸν
810 1568 992 1661 παρὰ
1018 1569 1188 1640 ναὸν
1212 1567 1344 1641 αὖ·
1915 1570 2058 1643 ἀντ.

429 1678 528 1741 δῶ
546 1695 562 1709 ·
591 1676 793 1759 θέμις
818 1671 1094 1760 γυάλων
1121 1667 1337 1762 ὖπερ-
2109 1691 2216 1746 220

428 1781 633 1862 βῆναι
661 1779 885 1864 λευκῷ
913 1773 1072 1842 ποδὶ
1099 1774 1345 1862 flamm

193 1883 393 1945 ΙΩΝ.
433 1872 517 1945 οὐ
547 1878 767 1964 θέμις,
796 1865 853 1944 ὦ
880 1877 1082 1957 ξέναι.

194 1986 338 2047 XO.
421 1973 577 2047 οὐδ’
612 1973 699 2046 ἂν
726 1980 801 2046 ἐκ
827 1978 1037 2046 σε’θεν
1064 1973 1151 2046 ἂν
1178 1983 1550 2065 πνθοίμαν,

197 2087 393 2149 ΙΩΝ.
424 2075 635 2149 αὔδα·
666 2087 738 2147 τί
756 2080 1016 2160 θέλεις;

192 2190 337 2250 XO.
424 2172 536 2272 ἀρ’
571 2177 784 2261 ὄντως
817 2183 1021 2264 μέσον
1058 2177 1374 2267 ὀμφαλὸν

428 2288 550 2370 γᾶς
580 2290 839 2371 Φοίβου
865 2283 1124 2369 κατέχει
1156 2281 1393 2369 δόμοςς

188 2391 394 2453 ΙΩΝ.
430 2387 759 2473 στέμμασί
780 2380 851 2472 γ’
885 2383 1204 2471 ἐνδυτόν,
1236 2381 1412 2474 ἀμφὶ
1438 2384 1516 2455 δὲ
1559 2385 1898 2475 γοργόνες.

186 2494 338 2556 XO.
422 2483 601 2556 οὕτω
630 2488 744 2556 καὶ
776 2485 977 2574 φάτις
1002 2483 1201 2578 αὐδᾷ.
2111 2504 2213 2555 225

188 2596 393 2658 ΙΩΝ.
427 2595 492 2657 εἰ
514 2587 638 2676 μὲν
665 2587 956 2657 ἐθύσατε
988 2593 1282 2658 πέλανον
1308 2587 1438 2677 πρὸ
1470 2588 1700 2675 δόμων

428 2697 549 2759 καί
575 2717 641 2758 τι
667 2692 1017 2760 πυθέσθαι
1044 2689 1312 2780 χρῄζετε
1342 2696 1622 2775 Φοίβου,

425 2789 651 2883 πάριτ’
689 2797 781 2872 εἰς
811 2793 1147 2878 θυμέλας,
1178 2793 1288 2860 ἐπὶ
1317 2786 1386 2859 δ’
1421 2786 1786 2877 ἀσφάκτοις

425 2892 693 2982 μήλοισι
720 2891 952 2980 δόμων
976 2891 1067 2982 μὴ
1099 2890 1326 2984 πάριτ’
1364 2897 1458 2972 εἰς
1484 2891 1720 2980 μυχόν.

190 3004 337 3064 ΧΟ.
422 3002 548 3084 ἔχω
576 2989 895 3082 μαθοῦσα
913 3016 929 3030 ·
1054 3010 1060 3017 “
2107 3010 2214 3064 230

423 3103 600 3166 θεοῦ
630 3098 708 3168 δὲ
734 3097 947 3184 νόμον
974 3094 1059 3168 ού
1086 3103 1591 3188 παραβαίνομεν
1610 3118 1624 3134 ·

429 3195 473 3267 δι’
503 3196 575 3268 δ’
610 3199 828 3287 ἐκτός,
859 3196 1039 3289 ὄμμα
1068 3202 1317 3289 τέρψει.

192 3307 393 3369 ΙΩΝ.
424 3302 640 3372 πάντα
666 3301 945 3392 θεᾶσθ’,
978 3301 1018 3372 ὅ
1042 3330 1105 3372 τι
1132 3303 1245 3370 καὶ
1273 3302 1502 3388 θέμις,
1533 3295 1798 3390 ὄμμασι.

194 3409 340 3470 ΧΟ.
421 3415 751 3491 μεθεῖσαν
778 3403 1094 3476 δεσπόται

424 3532 509 3593 με
534 3512 708 3576 θεοῦ
735 3507 955 3593 γύαλα
982 3501 1131 3576 τάδ’
1166 3512 1464 3577 εἰσιδεῖν.
