2534 3917
285 188 410 252 212

1116 194 1471 252 MHAEIA

516 360 712 448 λόγος
739 365 1062 448 διελθεῖν,
1095 357 1184 442 ὥς
1204 359 1424 486 Ἔρως
1450 361 1517 432 σ’
1550 363 1887 454 ἠνάγκασε
2194 393 2303 446 530

515 458 790 543 τόξοις’
754 461 1078 550 αφύκτοις
1103 459 1357 551 τούμὸν
1387 468 1674 537 ἐκσῶσαι
1704 473 1924 558 δέμας.

516 560 666 632 ἀλλ’
701 559 828 632 οὐκ
860 561 1152 654 ἀκριβῶς
1178 562 1344 635 αντό
1372 567 1667 655 θήσομαι
1695 579 1880 640 λίαν·

516 661 646 756 ὅπῃ
674 662 802 755 γὰρ
835 656 963 736 οὖν
991 662 1284 755 ω’νησας,
1314 694 1397 735 ον
1425 695 1645 751 κακως
1673 679 1825 760 ἔχει.

515 774 714 854 μείζω
743 794 822 854 γε
849 769 1075 855 μέντοι
1105 776 1220 857 τῆς
1247 774 1407 857 ἐμῆς
1438 782 1767 864 σωτηρίας

518 863 866 957 εἴληφας”
821 898 864 956 η
893 873 1211 959 δέδωκας,
1243 900 1333 952 ως
1362 871 1491 960 ἐγώ
1522 877 1777 964 φράσω.
1866 903 1871 908 “
2194 902 2296 955 535

517 978 784 1059 πρῶτον
811 971 937 1058 μὲν
955 968 1214 1042 Ἑλλάδ’
1246 972 1395 1044 ἀντὶ
1420 977 1767 1067 βαρβάρου
1794 979 2046 1068 χθονὸς

513 1085 714 1158 γαῖαν
741 1090 1067 1154 κατοικεῖς
1095 1077 1209 1144 καὶ
1237 1082 1434 1163 δίκην
1461 1082 1805 1149 ἐπίστασαι

514 1173 745 1261 νόμοις
773 1202 844 1243 τε
870 1183 1162 1267 χρῆσθαι
1188 1177 1280 1267 μὴ
1308 1175 1476 1269 πρὸς
1505 1181 1729 1268 ἰσχύος
1759 1191 2031 1273 κράτος·

513 1275 754 1356 πάντες
782 1279 862 1345 δέ
883 1276 948 1346 σ’
980 1275 1264 1369 ᾕσθοντ’
1299 1272 1512 1351 ουσαν
1532 1277 1847 1370 ’Έλληνες
1874 1285 2094 1376 σοφὴν

438 1461 442 1466 ,
514 1379 624 1444 και
655 1375 857 1458 δόξαν
885 1386 1099 1466 ε’·σχες
1134 1387 1198 1449 εἰ
1220 1383 1297 1450 δὲ
1323 1389 1445 1471 γῆς
1472 1381 1577 1454 ἐπ’
1616 1387 1909 1473 ἐσχάτοις
2189 1413 2293 1465 540

514 1499 775 1563 οροισιν
789 1475 1028 1569 ςόκεις,
1059 1477 1184 1551 οὐκ
1211 1477 1297 1551 ὂέν
1325 1476 1411 1573 ἦν
1435 1485 1630 1572 λόγος
1657 1490 1878 1558 σέθεν.

515 1585 617 1702 εἴη
647 1575 714 1646 δ’
748 1586 970 1667 ἔμοιγε
995 1581 1159 1670 μήτε
1181 1582 1429 1674 χρυσὸς
1457 1591 1532 1656 έν
1559 1588 1787 1676 δόμοις

510 1676 662 1767 μήτ’
701 1676 998 1770 Ὀρφέως
1025 1685 1301 1756 κάλλιον
1327 1684 1621 1777 ὑμνῆσαι
1647 1695 1898 1802 μέλος,

513 1786 578 1850 εἰ
599 1779 689 1870 μὴ
709 1778 1080 1873 'nlonuog‘
1043 1816 1084 1875 η
1113 1788 1277 1876 τύχη
1304 1791 1564 1877 γένοιτό
1588 1799 1721 1880 μοι.

512 1890 801 1953 τοσαῦτα
828 1889 954 1972 μέν
981 1909 1088 1958 σοι
1117 1916 1255 1958 των
1288 1895 1471 1978 ε’μων
1501 1897 1734 1962 πόνων
1764 1903 1917 1985 πέρι
2183 1921 2284 1976 545

510 1982 716 2067 ἔλεξ’·
747 1983 1032 2074 ἅμιλλαν
1059 2020 1187 2080 γαρ
1217 1993 1303 2061 σύ
1334 1995 1729 2085 προύθηκας
1755 1998 1995 2086 λόγων.

507 2114 551 2153 α
582 2083 647 2154 δ’
681 2095 776 2168 εἰς
804 2089 1054 2177 γάμους
1079 2120 1190 2179 μοι
1218 2095 1608 2182 βασιλικοὺς
1638 2094 2005 2188 ωνείὸισας,

509 2190 584 2254 ἐν
612 2193 786 2278 τωὸε
813 2194 1009 2271 δείξω
1039 2217 1268 2282 πρωτα
1295 2195 1420 2281 μὲν
1448 2198 1660 2285 σοφὸς
1688 2204 1915 2290 γεγώς,

511 2294 734 2356 ἔπειτα
763 2290 1087 2381 σωφρων,
1119 2293 1260 2364 εἶτα
1289 2300 1396 2367 σοὶ
1420 2301 1625 2387 μέγας
1654 2312 1851 2391 φίλος

507 2391 622 2456 καὶ
649 2393 838 2459 παισὶ
867 2408 1004 2474 τοῖς
1031 2397 1321 2482 ἐμοῖσιν·
1353 2396 1501 2470 ἀλλ’
1536 2400 1633 2490 ἔχ’
1662 2404 1926 2494 ἥσυχος.
2178 2426 2280 2478 2:50

508 2492 652 2559 ἐπεὶ
677 2495 1001 2583 μετέστην
1029 2496 1223 2590 δεῦρ’
1261 2496 1553 2586 Ἰωλκίας
1576 2507 1827 2592 χθονὸς

506 2592 752 2676 πολλὰς
781 2599 1085 2686 ἐφέλκων
1114 2603 1467 2696 συμφορας
1495 2603 1887 2696 ἀμηχάνους,

505 2702 576 2764 τί
610 2695 799 2768 τοῦδ’
832 2695 918 2770 ἂν
946 2700 1188 2794 εὕρημ’
1217 2697 1427 2797 ηὗρον
1455 2706 1923 2797 ευτυχέστερον

505 2825 547 2884 η
577 2807 782 2869 παῖδα
809 2809 1011 2890 γῆμαι
1038 2812 1363 2894 βασιλέως
1392 2837 1613 2898 φυγας
1637 2839 1881 2900 γεγως;

504 2895 659 2985 οὐχ,
688 2891 734 2987 ᾗ
762 2901 849 2970 σύ
877 2912 1116 2993 κνίζει,
1149 2907 1274 2979 σὸν
1300 2911 1424 2996 μὲν
1451 2916 1785 3004 έχθαίρων
1813 2919 2017 3002 λέχος,
2178 2935 2281 2988 555

505 3006 738 3086 καινῆς
765 3001 842 3068 δὲ
867 3003 1135 3094 νύμφης
1165 3013 1369 3103 ίμέρω
1398 3020 1874 3104 πεπληγμένος,

503 3093 654 3166 οὐδ’
691 3107 783 3180 εἰς
811 3099 1096 3188 αμιλλαν
1123 3111 1539 3185 πολύτεκνον
1566 3118 1875 3208 σπουδὴν
1902 3126 2105 3208 ἔχων·

503 3195 649 3280 αλις
674 3230 801 3291 γαρ
833 3209 904 3272 oc
925 3233 1209 3295 γεγωτες
1237 3209 1401 3282 οὐδὲ
1424 3218 1800 3308 μέμφομαι·

505 3297 656 3370 ἀλλ’
690 3332 779 3385 ως
806 3303 880 3376 τὸ
910 3307 1035 3394 μὲν
1061 3315 1376 3400 μέγιστον
1403 3323 1704 3407 οἰκοῖμεν
1730 3330 1949 3403 καλως

503 3405 617 3470 και
643 3404 733 3492 μὴ
762 3419 1306 3503 σπανιζοίμεσθα,
1337 3419 1735 3504 γιγνώσκων
1766 3420 1870 3493 ὅτι
2174 3443 2281 3498 560

501 3504 748 3592 πένητα
778 3535 1015 3596 φευγει
1042 3521 1168 3594 πᾶς
1194 3543 1293 3598 τις
1320 3519 1623 3588 ἐκποὸων
1652 3531 1866 3608 φίλος,
