2534 3917
375 1684 494 1747 ΙΦ.

371 1886 515 1949 ΚΛ.

273 2074 276 2077 ’
370 2093 492 2153 ms.

371 2398 513 2458 KA.

305 2590 489 2663 '142

841 175 1301 235 ΙΦΙΓΕΝΕΙΑ
1334 176 1399 232 H
1433 176 1554 235 ΕΝ
1593 174 1908 233 ΑΤΛΙΔΙ

601 345 862 427 θάκους
889 340 1150 432 ἀπήνης
1182 340 1271 425 ὥς
1300 337 1387 414 ἂν
1416 346 1665 413 ἐκλίπω
1695 351 1933 426 καλῶς.

610 444 703 530 [αἳ
724 448 784 517 δ’
805 453 899 529 εἰς
927 443 1002 517 τὸ
1033 444 1338 536 πρόσθεν
1368 454 1563 535 στῆτε
1593 454 1909 517 πωλικῶν
1936 455 2179 538 ζυγῶν,

608 546 911 641 φοβερὸν
937 546 1069 638 γὰρ
1097 545 1553 640 ἀπαράμυθον
1581 542 1760 636 ὄμμα
1788 548 2119 621 πωλικόν·
2284 570 2393 624 620

603 654 719 725 καὶ
747 656 954 723 παῖδα
984 649 1182 723 τόνδε
1211 650 1334 723 τὸν
1356 648 1842 739 Ἀγαμέμνονος
1870 651 2079 741 γόνον

605 751 914 842 λάζυσθ’,
949 750 1264 845 Ὀρέστην
1280 776 1296 792 ·
1329 760 1426 824 ἔτι
1452 752 1582 843 γάρ
1616 756 1751 822 ἐστι
1778 752 2036 844 νήπιος.

603 861 876 946 τέκνον,
906 854 1269 938 καθεύδεις
1298 861 1571 949 πωλικῷ
1604 858 1833 943 δαμεὶς
1866 852 2035 951 ὅχως

608 956 813 1050 ἔγειρ’
851 955 1149 1048 άδελφῆς
1178 954 1294 1047 ἐφ’
1326 954 1651 1046 ὑμέναιον
1680 952 2004 1048 εὐτυχῶς·

608 1058 856 1152 ἀνδρὸς
884 1060 1013 1151 γὰρ
1046 1056 1315 1151 άγαθοῦ
1343 1065 1545 1152 κῆδος
1576 1054 1779 1142 αὐτὸς
1808 1059 2049 1143 ἐσθλὸς
2080 1057 2180 1132 οόν
2282 1080 2389 1135 625

605 1164 825 1255 λήψει,
856 1163 930 1235 τὸ
960 1171 1076 1252 τῆς
1100 1168 1421 1255 Νηρῇδος
1451 1161 1727 1234 ἰσόθεον
1755 1165 1969 1251 γένος.

607 1271 752 1357 ἑξῆς
795 1270 1058 1355 κάθησο
1094 1265 1303 1355 δεῦρό
1331 1293 1463 1354 μου
1492 1263 1731 1353 ποδός,
1760 1268 2019 1353 τέκνον,

605 1368 773 1458 πρὸς
799 1364 1056 1458 μητέρ’,
1082 1364 1469 1459 Ἰφιγένεια,
1500 1375 1837 1458 μακαρίαν
1868 1370 1950 1437 δέ
1970 1395 2054 1456 με

606 1473 860 1553 ξέναισι
887 1475 1118 1540 ταῖσδε
1145 1477 1394 1558 πλησία
1425 1480 1748 1540 σταθεῖσα
1780 1468 1917 1557 δός,

604 1573 717 1640 καὶ
748 1577 953 1664 δεῦρο
986 1569 1070 1661 δὴ
1103 1576 1355 1661 πατέρα
1385 1562 1707 1661 πρόσειπε
1730 1569 1853 1642 σὸν
1886 1578 2114 1660 φίλου.
2280 1590 2386 1645 630

603 1665 659 1743 ὦ
685 1682 926 1763 μῆτερ,
957 1670 1447 1766 ὑποδραμοῦσά
1475 1670 1567 1763 σ’,
1600 1671 1927 1764 ὀργισθῇς
1957 1674 2032 1745 δὲ
2060 1675 2175 1765 μή,

605 1774 772 1865 πρὸς
803 1778 1044 1868 στέρνα
1074 1773 1323 1867 πατρὸς
1352 1778 1592 1865 στέρνα
1621 1772 1793 1864 τάμὰ
1821 1784 2206 1867 περιβαλεῖ]

597 1869 652 1947 ὦ
681 1880 878 1967 σέβας
911 1879 1055 1968 ἐμοὶ
1085 1881 1433 1969 μέγιστον,
1460 1873 1891 1968 Ἀγαμέμνων
1919 1874 2105 1968 ἅναξ,

603 1978 888 2070 ἥκομεν,
911 1984 1223 2071 ἐφετμαῖς
1252 1976 1381 2050 οῦκ
1412 1976 1806 2051 ἀπιστοῦσαι
1836 1984 2062 2052 σέθεν.

601 2081 754 2173 [ἐγώ
785 2084 862 2154 δὲ
890 2083 1221 2171 βούλομαι
1250 2081 1333 2151 τὰ
1363 2080 1447 2150 σὰ
1476 2081 1735 2181 στέρν’,
1758 2073 1812 2153 ὦ
1839 2084 2067 2173 πάτερ,
2278 2104 2385 2157 635

601 2182 1087 2276 ὑποδραμοῦσα
1115 2192 1524 2274 προσβαλεῖν
1557 2183 1670 2255 διὰ
1696 2184 1964 2275 χρόνου.

603 2294 801 2356 ποθῶ
832 2285 962 2379 γὰρ
993 2281 1173 2375 ὄμμα
1202 2284 1287 2375 δὴ
1321 2284 1463 2357 σόν.
1496 2282 1823 2377 ὀργισθῇς
1856 2288 1931 2357 δὲ
1958 2288 2066 2377 μή.
2071 2294 2092 2370 J

595 2385 772 2476 ἀλλ’,
808 2416 861 2458 ω
891 2392 1152 2475 τέκνον,
1179 2387 1341 2479 χρή·
1376 2388 1765 2479 φιλοπάτωρ
1798 2386 1865 2458 δ’
1900 2386 2009 2460 άεί
2032 2387 2178 2461 ποτ’
2218 2390 2279 2461 εἶ

601 2489 883 2614 μςάλιστα
909 2495 1173 2561 παίδων
1201 2488 1365 2585 τῷδ’
1399 2512 1599 2572 οσους
1631 2490 1808 2580 έγῶ”
1809 2519 2025 2562 τεκον.

599 2620 652 2662 ω
686 2591 931 2684 πάτερ,
963 2592 1225 2665 ἐσεῖδόν
1256 2591 1321 2664 σ’
1357 2590 1607 2683 άσμένη
1638 2601 1864 2688 πολλω
1892 2594 2138 2689 χρόνω.
2276 2612 2380 2666 640

363 2702 572 2766 ΑΓΛ.
603 2696 718 2767 καὶ
746 2725 876 2788 γαρ
906 2694 1123 2787 πατὴρ
1152 2698 1256 2766 σέ·
1290 2694 1434 2769 τόδ’
1467 2707 1616 2767 ἴσον
1644 2698 1816 2789 υπερ
1846 2693 2105 2787 ἀμφοῖν
2144 2701 2377 2824 λέγεις.

362 2806 486 2868 ΙΦ.

593 2796 812 2888 χαῖρ’·
846 2789 928 2869 εὖ
959 2802 1039 2868 δέ
1059 2795 1132 2887 μ’
1166 2794 1443 2889 άγαγων
1470 2796 1639 2889 πρὸς
1668 2794 1733 2869 σ’
1769 2804 2120 2890 ἐποίησας,
2150 2801 2380 2891 πάτερ.
2509 2836 2510 2863 2

363 2906 572 2971 ΛΓΑ.
605 2896 732 2969 οῦκ
760 2897 894 2969 οἶδ’
929 2897 1110 2982 ὅπως
1141 2928 1250 2990 φω
1280 2908 1479 2971 τοῦτο
1508 2903 1623 2971 καὶ
1651 2898 1741 2991 μὴ
1773 2931 1916 2992 φω,
1944 2906 2206 2974 τέκνον.

359 3010 483 3072 ΙΦ.

357 3316 484 3379 ΙΦ.

594 3008 703 3071 ἔα·

596 3132 685 3186 ως
711 3101 796 3174 οῦ
825 3107 1092 3193 βλέπεις
1125 3109 1400 3195 ἕκηλον,
1432 3104 1719 3196 άσμενός
1744 3104 1818 3195 μ’
1857 3115 2046 3177 ἰδων.

225 3198 256 3243 J
357 3212 567 3276 ΑΓΛ.
597 3201 792 3278 πόλλ’
825 3202 1028 3298 ἀνδρὶ
1055 3215 1322 3295 βασιλεῖ
1344 3212 1457 3281 καὶ
1485 3208 1899 3301 στρατηλάτῃ
1938 3212 2143 3298 μέλει.
2276 3224 2384 3280 645

591 3305 753 3400 παρ’
787 3310 933 3398 έμοὶ
962 3317 1166 3399 γενοῦ
1197 3319 1367 3397 νῦν,
1396 3310 1487 3401 μὴ
1512 3308 1612 3380 ’πὶ
1646 3319 2014 3401 φροντίδας
2040 3313 2315 3401 τρέπου.

356 3416 566 3480 ΑΓΛ.
597 3406 748 3481 ἀλλ’
783 3414 918 3500 εἰμὶ
948 3410 1128 3503 παρὰ
1159 3414 1266 3481 σοὶ
1294 3419 1430 3483 νῦν
1458 3410 1629 3492 ἅπας
1648 3409 1819 3484 κούκ
1848 3410 2115 3484 ἄλλοθι.

79 3480 90 3489 ’
169 3582 182 3591 ,
356 3521 480 3584 ΙΦ.

587 3516 791 3604 μέθες
819 3544 951 3585 νυν
980 3510 1209 3604 ὀφρὺν
1237 3510 1417 3603 ὄμμα
1446 3511 1508 3585 τ’
1544 3521 1843 3586 ἔκτεινον
1876 3521 2100 3605 φίλον.
