2534 3917
273 2621 412 2680 XO.

273 2825 388 2885 IA.

1109 204 1465 263 ΜΗΔΕΙΑ

524 375 736 438 κακοῦ
765 368 932 458 πρὸς
965 366 1244 460 ἀνδρός,
1282 377 1575 446 ἐλπίδων
1605 378 1679 448 δ’
1712 377 2115 472 ἡμάρτομεν

525 467 661 558 ἄγ’,
687 499 776 550 ως
809 479 985 564 φίλῳ
1015 471 1144 564 γὰρ
1174 471 1325 544 ὄντι
1358 498 1463 547 σοι
1492 482 1917 571 κοινώσομαι,

524 577 817 641 δοκοῦσα
842 574 966 660 μὲν
993 581 1066 641 τί
1092 577 1258 664 πρός
1284 607 1363 666 γε
1391 589 1517 652 σοῦ
1548 585 1825 673 πράξειν
1851 595 2104 673 καλως;

525 669 705 760 ὅμως
733 671 836 741 δ’·
877 679 1242 800 ἐρωτηθεις
1267 679 1398 772 γὰρ
1424 691 1701 772 αἰσχίων
1732 705 1952 775 φανεῖ.

2182 218 2302 280 211

2199 611 2301 662 500

517 781 652 844 νῦν
680 791 802 844 ποῖ
820 777 1206 866 τράπωμαι;
1238 783 1487 874 πότερα
1515 784 1681 877 πρὸς
1710 789 1959 880 πατρὸς
1988 793 2255 884 δόμους,

516 873 634 957 οὓς
661 879 767 946 σοὶ
795 885 1140 967 προδοῦσα
1165 886 1279 952 καὶ
1308 886 1566 978 πάτραν
1592 887 1965 1018 άφικόμην;

516 975 560 1066 ἦ
586 977 752 1068 πρὸς
777 989 1092 1062 ταλαίνας
1117 987 1489 1073 Πελιάδας;
1519 999 1737 1073 καλῶς
1764 991 1819 1080 γ’
1853 990 1939 1063 ἂν
1964 988 2092 1067 οὖν’

517 1083 818 1163 δέξαιντό
845 1079 918 1171 μ’
951 1094 1159 1166 οἴκοις
1187 1116 1286 1156 ων
1314 1096 1566 1182 πατέρα
1596 1099 2018 1167 κατέ.κτανον

515 1189 647 1270 ἔχει
674 1183 803 1274 γὰρ
833 1181 1042 1253 οὕτω·
1073 1204 1210 1269 τοῖς
1228 1192 1361 1314 μὲν
1389 1203 1666 1264 οἴκοθεν
1701 1205 1921 1326 φίλοις

517 1285 728 1375 ἐχθρὰ
755 1287 1141 1378 καθέστηχ’,
1172 1288 1292 1372 οῦς
1321 1297 1403 1362 δέ
1426 1294 1500 1382 μ’
1536 1294 1663 1366 οῦκ
1692 1302 1893 1388 ἐχρῆν
1922 1311 2143 1384 κακῶς

513 1392 717 1477 δρᾶν,
749 1391 854 1459 σοὶ
880 1389 1075 1480 χάριν
1106 1397 1408 1484 φέρουσα
1436 1407 1795 1487 πολεμίους
1828 1409 1975 1488 ἔχω.

433 1571 440 1584 .
468 1581 474 1586 .
511 1489 740 1579 τοιγάρ
767 1519 850 1578 με
879 1501 1153 1576 πολλαῖς
1179 1506 1518 1588 μακαρίαν
1548 1499 1657 1569 ἄν’
1682 1498 1961 1572 Ἐλλάδα

509 1599 758 1680 ἔθηκας
787 1591 938 1664 ἀντὶ
964 1603 1178 1667 τῶνδε
1196 1622 1210 1636 ·
1256 1602 1656 1688 θαυμαστὸν
1683 1609 1764 1673 δέ
1785 1625 1861 1674 σε

507 1701 632 1781 ἔχω
663 1693 861 1765 πόσιν
892 1699 1006 1766 καὶ
1033 1699 1279 1770 σεπτὸν
1307 1699 1349 1789 ἡ
1377 1702 1635 1773 τάλαιν’
1670 1707 1821 1794 ἐγώ,

507 1803 571 1864 εἰ
594 1795 930 1885 φεῦξομαί
953 1828 1030 1886 γε
1062 1817 1264 1888 γαῖαν
1296 1807 1771 1894 ἐκβεβλημένη,

504 1907 725 1985 φίλων
754 1907 1026 1989 ἔρημος,
1058 1900 1189 1972 σῦν
1215 1907 1474 1986 τέκνοις
1500 1908 1670 1994 μόνη
1703 1909 1953 1996 μόνοις,

506 2001 713 2070 καλόν
738 1999 804 2088 γ’
844 2000 1106 2084 ὄνειδος
1131 2011 1224 2098 τῷ
1252 2011 1496 2078 νεωστὶ
1523 2018 1821 2136 νυμφίῳ,

503 2101 806 2191 πτωχοὺς
837 2103 1130 2174 αλᾶσθαι
1163 2107 1465 2189 παῖδας
1434 2107 1479 2235 η’
1506 2109 1566 2179 τ’
1601 2113 1816 2181 ἔσωσά
1842 2135 1935 2182 σε.

504 2232 556 2272 ω
583 2212 753 2292 Ζεῦ,
785 2214 858 2274 τί
883 2205 964 2294 δὴ
991 2214 1249 2298 χρυσοῦ
1281 2209 1475 2298 μὲν“
1434 2241 1508 2293 ος
1540 2207 1930 2302 κίβδηλος
1884 2243 1927 2304 ῃ

509 2305 809 2397 τεκμήρι’
847 2305 1315 2400 ἀνθρώποισιν
1344 2337 1613 2395 ωπασας
1642 2323 1845 2404 σαφῆ,

506 2406 777 2500 ἀνδρων
805 2409 870 2478 δ’
906 2408 1038 2504 ότςο
1065 2411 1189 2502 χρὴ
1219 2413 1340 2485 τὸν
1366 2417 1578 2487 κακὸν
1606 2422 1951 2508 διειδέναι,

502 2508 729 2594 οὐδεὶς
754 2513 1090 2604 χαρακτὴρ
1121 2519 1465 2605 ἐμπέφυκε
1492 2519 1777 2607 σώματι;

498 2616 688 2703 δεινή
714 2643 813 2694 τις
841 2611 1010 2704 ὀργὴ
1037 2619 1150 2685 καὶ
1179 2623 1492 2700 δυσίατος
1522 2625 1727 2708 πέλει,

501 2711 667 2785 ὅταν
697 2725 885 2806 φίλοι
920 2726 1174 2804 φίλοισι
1202 2718 1594 2808 συμβάλωσ’
1630 2730 1796 2810 ἔριν.

498 2823 608 2886 δεῖ
630 2817 738 2944 μ’,
764 2815 854 2899 ὡς
883 2825 1059 2889 ἔοικε
1074 2818 1212 2909 ,μὴ
1242 2820 1455 2892 κακὸν
1485 2829 1698 2910 φῦναι
1727 2827 1972 2915 λέγειν,

499 2917 648 2989 ἀλλ’
683 2919 852 2991 ω’στε
878 2920 1040 3002 ναὸς
1068 2921 1313 2993 κεδνὸν
1344 2927 1833 3016 οἰακοστρόφον

497 3017 760 3112 άκροισι
786 3031 1074 3148 λαίφους
1101 3030 1503 3116 κρασπέδοις
1530 3024 1988 3120 υπεκδραμεῖν

463 3171 470 3180 ·
495 3123 620 3213 τὴν
647 3125 775 3214 σὴν
803 3126 1212 3250 στόμαργον,
1248 3156 1300 3196 ω
1329 3129 1564 3218 γύναι,
1598 3141 2083 3221 γλωσσαλγίαν.

490 3225 622 3310 ἐγω
657 3225 748 3310 δ’,
785 3229 930 3294 ἐπεὶ
963 3227 1092 3314 σην
1120 3231 1233 3294 καὶ
1263 3233 1421 3296 λίαν
1450 3241 1735 3314 πυργοῖς
1764 3233 2000 3316 χάριν,

483 3329 762 3413 Κύπριν
790 3334 1032 3415 νομίζω
1063 3335 1180 3414 τῆς
1212 3331 1371 3414 ἐμῆς
1400 3335 1731 3415 σωτηρίας

485 3429 878 3513 ναύκληρον
909 3426 1082 3496 εἶναι
1109 3435 1298 3495 θεῶν
1326 3454 1399 3495 τε
1429 3429 1863 3516 κάνθρώπων
1891 3435 2131 3518 μόνην.

493 3532 599 3598 σοὶ
630 3525 694 3598 δ’
730 3535 868 3598 ἔστι
897 3527 1021 3613 μὲν
1049 3534 1210 3608 νοῦς
1238 3527 1507 3615 λεπτός,
1540 3525 1688 3597 ἀλλ’
1723 3535 2094 3688 εἶξιίφθονος

2193 1120 2293 1171 505

2188 1629 2290 1682 510

2178 2645 2281 2694 520

2176 3153 2275 3204 525
