2534 3917
1074 189 1462 247 ΟΡΕΣΤΗΣ
2128 192 2249 253 291

471 352 585 444 ἥδ’
614 353 924 446 Ἐρμιόνη
953 356 1259 446 πάρεστι·
1298 356 1662 444 παύσωμεν
1687 360 1875 447 βοήν.

473 467 717 544 στείχει
745 456 874 547 γὰρ
908 464 1309 528 εἰσπεσοῦσα
1344 459 1641 529 δικτύων
1666 461 1968 551 βρόχους.
2124 480 2249 533 1315

469 557 682 629 καλὸν
710 558 784 628 τὸ
816 557 1098 649 θήραμ’,
1131 554 1220 647 ἦν
1248 556 1389 654 ἁλῷ
1406 614 1426 649 ,
1458 562 1826 651 γενήσεται.

471 663 676 732 πάλιν
701 657 1065 749 κατάστηθ’
1104 657 1331 754 ἡσύχῳ
1365 662 1489 750 μὲν
1514 660 1777 752 ὄμματι,

476 764 640 854 χρόᾳ
663 760 738 829 δ’
773 760 1000 855 άδήλςο
1026 769 1163 832 τῶν
1189 768 1624 855 δεδραμένων
1653 770 1806 856 πέρι
1824 790 1837 803 ·

481 862 664 952 κάγώ
691 864 1147 957 σκυθρωποὺς
1172 861 1487 954 ὀμμάτων
1522 870 1644 950 ἔξω
1679 868 1902 958 κόρας,

481 964 570 1047 ὥς
605 972 821 1056 δῆθεν
851 963 978 1037 οὐκ
1006 974 1228 1037 είδυῖα
1264 966 1803 1060 τάξειργασμένα.
2112 986 2247 1040 1320

479 1060 535 1139 οἶ
563 1065 879 1159 παρθέν’,
910 1065 1094 1157 ἥκεις
1118 1068 1238 1137 τὸν
1262 1071 1858 1161 Κλυταιμνήστρας
1886 1073 2101 1159 τάφον

470 1173 761 1251 στέψασα
788 1172 902 1239 καὶ
934 1177 1256 1239 σπείσασα
1283 1176 1617 1262 νερτέροις
1645 1173 1835 1259 χοάς,
1820 1206 1835 1220 ·

244 1284 371 1343 ΕΡ.
469 1270 644 1361 ἥκω,
682 1279 982 1361 λαβοῦσα
1008 1274 1476 1362 πρευμένειαν.
1504 1270 1673 1343 ἄλλά
1697 1303 1809 1363 μοι

473 1374 686 1462 φόβος
710 1403 808 1456 τις
839 1371 1248 1462 εἰσελήλυθ’,
1283 1371 1500 1468 ἥντιν’
1532 1379 1607 1445 έν
1634 1376 1860 1465 δόμοις

473 1475 794 1567 τηλουρὸς
827 1467 995 1547 οὖσα
1025 1475 1351 1563 δωμάτων
1378 1477 1560 1547 κλύω
1588 1478 1777 1567 βοήν.
2109 1495 2241 1549 1325

237 1588 386 1647 HA.
466 1588 536 1647 τί
558 1575 662 1647 δ’·
646 1576 827 1661 ςαξι’
859 1576 1022 1668 ἡμῖν
1049 1579 1365 1666 τυγχάνει
1390 1580 1883 1667 στεναγμάτων.

241 1689 368 1748 ΕΡ.
469 1677 768 1769 εύφημος
797 1692 976 1751 ἴσθι·
1020 1687 1092 1748 τί
1118 1681 1194 1749 δὲ
1222 1681 1555 1769 νεώτερον
1584 1685 1833 1769 λέγεις;

239 1790 386 1850 HA.
467 1794 712 1852 θανεῖν
731 1780 1047 1873 Ὀρέστην
1074 1777 1232 1869 κᾶμ’
1268 1785 1453 1865 ἔδοξε
1481 1787 1641 1871 τῇδε
1666 1790 1775 1872 γῇ.

241 1893 368 1953 ΕΡ.
457 1884 545 1973 μὴ
583 1882 754 1973 δῆτ’,
786 1883 985 1972 ἐμούς
1014 1911 1092 1971 γε
1118 1900 1467 1972 συγγενεῖς
1496 1884 1899 1971 πεφυκότας.

238 1994 386 2054 ΗΛ.
470 1984 702 2077 ἄραρ’·
733 1983 1028 2074 ἀνάγκης
1058 1994 1150 2069 εἰς
1176 1988 1378 2074 ζυγὸν
1407 1991 1847 2075 καθέσταμεν.
2107 2004 2243 2057 1330

237 2097 367 2156 ΕΡ.
465 2079 510 2176 ἦ
535 2085 725 2158 τοῦδ’
760 2092 945 2157 ἕκατι
977 2090 1089 2156 καὶ
1119 2086 1244 2176 βοὴ
1276 2086 1443 2157 κατὰ
1470 2090 1737 2176 στε’;γας

236 2198 384 2257 HA.
471 2192 685 2277 ἱκέτης
714 2217 842 2279 γαρ
868 2186 1132 2278 Ἑλένης
1159 2189 1397 2277 γόνασι
1425 2189 1824 2279 προσπεσων
1852 2196 1980 2280 βοᾷ

241 2299 370 2358 ΕΡ.
467 2299 601 2373 τίς;
637 2288 844 2361 ούδεν
869 2291 1021 2361 οἶδα
1045 2299 1332 2379 μᾶλλον,
1362 2286 1449 2380 ἦν
1476 2291 1563 2361 σύ
1591 2319 1682 2380 μη
1715 2294 1931 2381 λέγῃς.

240 2399 388 2460 ΗΛ.
467 2392 735 2482 τλήμων
761 2390 1068 2482 Ὀρέστης
1093 2391 1182 2481 μὴ
1212 2404 1489 2480 θανεῖν,
1520 2386 1685 2481 ἐμοῦ
1712 2391 1785 2462 θ’
1826 2390 2019 2483 ὕπερ.

239 2502 370 2561 ΕΡ.
463 2492 569 2565 ἐπ’
604 2492 854 2577 ἀξίοισί
871 2491 1020 2583 τᾶρ’
1053 2492 1437 2582 ἀνευφημεῖ
1461 2494 1679 2581 δόμος.
2106 2511 2238 2565 1335

242 2603 386 2663 HA.
432 2665 440 2678 .
466 2599 619 2685 περὶ
645 2604 767 2666 τοῦ
800 2595 930 2686 γὰρ
957 2593 1167 2665 ἄλλου
1196 2603 1449 2683 μᾶλλον
1479 2592 1565 2663 ἂν
1594 2597 1959 2685 φθέγξαιτό
1990 2625 2124 2679 ‘ns-3

211 2744 260 2787 ,s
329 2746 338 2775 ;
383 2717 400 2738 ’·
440 2738 447 2759 =
475 2695 621 2766 ἀλλ’
653 2699 812 2767 ἐλθὲ
837 2701 950 2767 καὶ
974 2698 1285 2785 μετάσχες
1316 2702 1566 2777 ἱκεσίας
1593 2703 1832 2783 φίλοις,

183 2770 381 2938 3532}
470 2806 553 2889 σῇ
582 2803 782 2889 μητρὶ
807 2806 1278 2890 προσπεσοῦσα
1308 2806 1389 2889 τῇ
1416 2794 1567 2887 μέγ’
1599 2795 1817 2889 ὀλβίᾳ,

187 2926 218 2957 ἀ
476 2904 834 2971 Μενέλαον
857 2898 1028 2990 ἡμᾶς
1053 2900 1143 2991 μὴ
1169 2902 1510 2981 θανόντας
1546 2906 1845 2970 εἰσιδεῖν.

469 2999 619 3072 ἄλλ’
653 2996 708 3071 ὦ
733 3020 1058 3095 τραφεῖσα
1085 3001 1331 3093 μητρὸς
1360 3006 1433 3072 ἐν
1457 3019 1684 3090 χεροῖν
1709 3008 1887 3091 ἐμῆς,
2109 3018 2242 3072 1340

473 3116 804 3195 οἵκτειρον
829 3102 998 3196 ἡμᾶς
1038 3104 1532 3193 κάπικούφισον
1558 3112 1806 3175 κακῶν.

471 3204 574 3275 ἴθ’
613 3214 705 3289 είς
735 3204 965 3294 ἀγῶνα
993 3206 1210 3299 δεῦρ’,
1242 3206 1372 3295 ἐγώ
1404 3203 1469 3276 δ’
1506 3204 1866 3296 ἡγήσομαι·

472 3317 803 3399 σωτηρίας
829 3307 956 3399 γὰρ
985 3305 1170 3399 τέρμ’
1211 3314 1379 3394 ἔχεις
1404 3306 1565 3396 ἡμῖν
1591 3308 1782 3396 μόνη.

237 3418 366 3479 ΕΡ.
465 3412 654 3497 ἰδού,
685 3409 908 3480 διώκω
938 3409 1056 3480 τὸν
1087 3408 1249 3498 ἐμὸν
1280 3416 1370 3491 είς
1400 3409 1649 3497 δόμους
1678 3410 1873 3479 πόδα.

471 3508 732 3601 σώθηθ’
763 3507 924 3580 ὅσον
956 3539 1030 3599 γε
1056 3508 1240 3582 τούπ’
1276 3508 1402 3600 ἔμ’.
1431 3518 1579 3579 ΗΛ.
1600 3500 1654 3578 ὦ
1672 3510 1835 3578 κατὰ
1862 3514 2093 3597 στέγας
2111 3524 2240 3578 1345

1703 3606 1833 3667 19*
