2534 3917
358 192 480 257 116

1303 119 1484 238 ΤΩΝ.

594 367 628 407 *
657 358 781 429 τάν
808 352 1054 426 ἀέναον
1081 347 1304 439 παγὰν

599 468 1031 551 ἐκπροῖεῖσαι,

599 568 929 654 μυρσίνας
964 554 1153 648 ΐερᾶν
1181 550 1428 641 φόβαν,

604 659 647 760 ᾇ
674 671 887 753 σαίρω
918 658 1216 730 δαπεδον
1248 657 1424 722 θεοῦ

604 765 1011 854 παναμέριος
1047 754 1161 848 αμ’
1196 753 1392 825 ἁλίου

603 872 886 959 πτέρυγι
910 870 1050 954 θοα

604 967 995 1089 λατρεύων
984 962 1059 1034 τὸ
1091 958 1236 1031 κατ’
1276 949 1475 1048 ἦμαρ.

604 1104 657 1143 ω
688 1069 912 1142 Παιὰν
940 1096 992 1137 ω
1028 1063 1276 1148 Παιάν,

612 1174 864 1247 εὐαίων
893 1167 1146 1241 ευαίων

614 1289 785 1398 εἴης,
822 1301 875 1342 ω
909 1278 1172 1351 Λατοῦς
1202 1281 1342 1336 παῖ.

612 1389 735 1450 καλ
742 1378 822 1448 όν
855 1403 934 1464 γε
964 1373 1084 1443 τὸν
1119 1370 1370 1454 πόνον,
1406 1356 1458 1434 05

614 1488 855 1568 Φοῖβε,
892 1477 1001 1546 σοὶ
1027 1472 1156 1561 πρὸ
1193 1470 1423 1557 δόμων
1454 1460 1757 1554 λατρεύω

615 1609 826 1671 τιμων
860 1592 1176 1667 μαντεῖον
1208 1577 1447 1661 ε’·δραν

616 1679 879 1763 κλεινὸς
905 1675 1046 1750 δ’ὁ
1079 1676 1285 1757 πόνος
1312 1701 1423 1760 μοι

614 1797 882 1858 θεοῖσιν
915 1782 1173 1852 δούλαν
1202 1773 1343 1866 χέρ’
1386 1781 1581 1860 ἔχειν,

617 1887 700 1960 οὗ
733 1899 1012 1968 θνατοῖς
1040 1877 1188 1952 ἀλλ’
1225 1875 1621 1954 ἀθανάτοις·

615 1989 969 2081 ,εὐφάμους
997 1986 1074 2056 δὲ
1102 1983 1357 2061 πόνους
1385 1987 1669 2066 μοχθεῖν

616 2091 742 2166 οὐκ
771 2089 1156 2177 ἀποκάμνω.
1477 2085 1483 2088 ”
1637 2145 1653 2151 ,

618 2194 866 2283 Φοῖβός
899 2219 1010 2279 μοι
1038 2189 1332 2276 γενέτωρ
1365 2181 1609 2270 πατήρ·

622 2296 741 2367 τὸν
767 2294 1101 2383 βόσκοντα
1127 2288 1256 2378 γὰρ
1293 2283 1574 2372 εὐλογῶ,
1662 2309 1674 2317 ·

619 2397 693 2469 τὸ
731 2393 797 2466 δ’
838 2390 1182 2482 ὠφέλιμον
1216 2390 1363 2478 ε’μοὶ
1395 2389 1678 2475 πατέρος

626 2499 838 2588 ὄνομα
865 2499 1061 2585 λέγω,

626 2609 886 2693 Φοίβου
908 2609 1035 2670 τοῦ
1056 2595 1223 2667 κατὰ
1254 2593 1444 2665 ναόν.

629 2737 681 2778 ω
717 2702 942 2776 Παιαν
970 2730 1022 2771 ω
1057 2698 1304 2786 Παιάν,

628 2806 879 2881 ευαίων
912 2801 1162 2874 εὐαίων

628 2923 799 2999 εἴης,
830 2937 883 2976 ω
912 2911 1176 2983 Λατοῦς
1210 2915 1350 2970 παῖ.

627 3007 775 3082 ἀλλ’
816 3006 1128 3080 ἐκπαύσω
1158 3001 1288 3093 γὰρ
1315 2999 1613 3090 μόχθους

626 3111 887 3201 δάφνας
916 3107 1172 3193 ὁλκοῖς,

629 3217 934 3305 χρυσέων
961 3207 1024 3280 δ’
1058 3214 1131 3279 ἐκ
1165 3207 1457 3296 τευχέων
1492 3208 1668 3294 ῥίψω

627 3325 819 3408 γαίας
854 3313 1096 3403 παγάν,

630 3419 715 3488 ἃν
749 3415 1190 3504 ἀποχεύονται

633 3525 1005 3598 Κασταλίας
1036 3520 1242 3596 δῖναι,

2289 558 2397 611 120

2290 1066 2396 1117 125

2102 1351 2239 1416 ἀντ.

2290 1573 2395 1626 130

2300 2087 2405 2140 135

2303 2596 2402 2647 140

2271 3165 2279 3168 ,
2314 3103 2410 3156 145
