2534 3917
307 209 428 272 196
1107 206 1465 264 MHAEIA

541 384 683 459 οἵας
712 375 990 465 ἀμοιβῆς
1021 377 1085 457 ἐξ
1113 371 1398 454 Ἰάσονος
1425 388 1639 463 κυρεῖ.

542 494 752 549 κεῖται
782 476 846 548 δ’
880 475 1134 564 ἄσιτος,
1166 473 1332 563 σῶμ’
1366 472 1595 563 ὑφεῖσ’
1629 471 1974 562 ἀλγηδόσι,

541 579 661 652 τὸν
688 582 904 651 πάντα
933 579 1359 665 συντήκουσα
1387 577 1709 665 δακρύοις
1736 575 2005 665 χρόνον,

542 686 686 754 ἐπεὶ
715 682 878 773 πρὸς
906 677 1152 770 ἀνδρὸς
1177 675 1388 804 ᾔσθετ
1457 676 1850 804 ἠδικημένη,

543 888 933 978 πρόσωπον·
965 881 1054 965 ὣς
1083 884 1158 952 δὲ
1190 876 1497 973 πέτροςῆ
1530 882 1897 962 θαλάσσιος

542 989 815 1058 κλύδων
845 986 1078 1057 ἀκούει
1111 988 1620 1074 νουθετουμένη
1657 991 1909 1074 φίλων·

541 1087 627 1178 ἦν
656 1091 745 1180 μή
779 1117 935 1161 ποτε
963 1091 1299 1181 στρέψασα
1327 1088 1703 1157 πάλλευκον
1732 1089 1937 1177 δέρην

542 1189 711 1280 αὐτὴ
744 1192 908 1283 πρὸς
936 1188 1150 1279 αὐτὴν
1177 1187 1407 1281 πατέρ’
1447 1187 1785 1279 ἄποιμώζῃ
1814 1196 2018 1277 φίλον

543 1297 654 1364 καὶ
687 1310 882 1383 γαῖαν
914 1304 1141 1373 οἴκους
1177 1290 1280 1379 θ’,
1317 1288 1437 1372 οὓς
1465 1288 1797 1381 προδοῦσ’
1832 1289 2113 1380 ἀφίκετο

540 1395 682 1483 μετ’
716 1392 1016 1487 ἀνδρὸς
989 1393 1063 1475 ός
1089 1418 1220 1482 σφε
1245 1401 1379 1463 νῦν
1412 1390 1731 1482 ἀτιμάσας
1758 1400 1911 1481 ἔχει.

550 1505 802 1585 ἔγνωκε
833 1494 900 1566 δ’
940 1493 982 1584 ἡ
1014 1496 1294 1566 τάλαινα
1329 1503 1681 1587 συμφορᾶς
1711 1491 1845 1564 ὕπο

545 1595 689 1668 οἷον
714 1597 1021 1692 πατρῴας
1051 1596 1140 1687 μὴ
1168 1594 1655 1667 ἀπολείπεσθαι
1680 1595 1949 1685 χθονός.

545 1717 777 1789 στυγεῖ
810 1702 886 1772 δὲ·
923 1706 1166 1782 παῖδας
1193 1696 1346 1769 οὐδ’
1384 1696 1590 1790 ὁρῶσ’
1628 1697 2082 1789 εὐφραίνεται.

544 1806 816 1874 δέδοικα
843 1800 909 1873 δ’
945 1800 1160 1892 αὐτὴν
1185 1802 1278 1891 μή
1306 1832 1370 1873 τι
1401 1803 1741 1892 βουλεύσῃ
1766 1802 1927 1871 νέον
1945 1825 1959 1838 ·

541 1913 780 1994 βαρεῖα
811 1904 941 1996 γὰρ
973 1906 1191 1996 φρήν,
1219 1901 1377 1974 οὐδ’
1414 1902 1713 1988 ἀνέξεται
1746 1911 1969 1984 κακῶς

549 2006 875 2094 πάσχουσ’
895 2037 908 2050 ·
959 2000 1175 2099 ἐγῷδα
1197 2007 1437 2095 τήνδε,
1460 2012 1777 2093 δειμαίνω
1801 2011 1876 2074 τέ
1892 2033 2023 2076 νιν.

549 2106 736 2190 δεινὴ
760 2105 889 2192 γάρ
908 2133 921 2146 ·
972 2102 1162 2173 οὔτοι
1184 2109 1431 2194 ῥᾳδίως
1454 2131 1531 2190 γε
1554 2104 1919 2192 συμβαλών

543 2207 796 2289 ἔχθραν
825 2228 924 2280 τις
955 2199 1126 2290 αὐτῇ
1147 2208 1536 2270 καλλίνικον
1559 2210 1831 2270 οἴσεται.

545 2297 692 2367 ἀλλ’
722 2304 862 2368 οἵδε
885 2304 1114 2381 παῖδες
1143 2303 1217 2367 ἐκ
1242 2301 1503 2388 τρόχων
1526 2303 1943 2388 πεπαυμένοι

548 2403 908 2484 στείχουσι,
954 2397 1202 2486 μητρὸς
1231 2395 1436 2466 οὐδὲν
1460 2401 1896 2485 ἐννοούμενοι

544 2502 770 2563 κακῶν
786 2523 801 2538 ·
833 2499 952 2564 νέα
975 2495 1101 2584 γὰρ
1127 2499 1405 2587 φροντὶς
1427 2496 1555 2566 οὐκ
1578 2494 1809 2584 ἀλγεῖν
1838 2505 2035 2585 φιλεῖ.

318 2603 498 2691 ΠΑΙ.
547 2594 832 2664 παλαιὸν
859 2605 1065 2665 οἴκων
1098 2605 1313 2686 κτῆμα
1345 2604 1698 2685 δεσποίνης
1722 2601 1911 2685 ἐμῆς,

545 2701 614 2763 τί
635 2695 803 2783 πρὸς
824 2697 1099 2765 πύλαισι
1122 2697 1315 2784 τήνδ’
1344 2695 1583 2784 ὅέγουσ’
1611 2701 1891 2784 ἐρημίαν

540 2795 816 2878 ἕστηκας
831 2845 849 2880 ,
895 2791 1066 2880 αὐτὴ
1091 2799 1430 2882 θρεομένη
1455 2800 1666 2883 σαυτῇ
1688 2794 1888 2876 nocuo&

543 2897 682 2969 πῶς
712 2897 842 2957 σοῦ
861 2893 1035 2978 μόνη
1061 2893 1337 2979 Μήδεια
1360 2901 1708 2962 λείπεσθαι
1730 2895 1952 2974 θέλεις

320 2999 441 3058 ΤΡ.
541 2989 796 3056 τέκνων
826 2986 1034 3057 ὀπαδὲ
1059 2992 1319 3078 πρέσβυ
1342 2997 1478 3060 τῶν
1493 2989 1811 3080 Ἰάσονος,

553 3291 628 3363 μὴ
665 3291 890 3361 θηκτὸν
929 3286 1046 3362 ὤσῃ
1087 3287 1384 3360 φάσγανον
1420 3286 1492 3346 δι’
1532 3287 1781 3362 ἥπατος,

553 3378 682 3446 σιγῇ
718 3371 930 3443 δόμους
967 3369 1202 3446 εἰσβᾶσ’,
1239 3369 1313 3428 ἵν’
1352 3375 1620 3444 ἕστρωται
1655 3375 1841 3446 λέχος,

552 3453 592 3527 ἢ
627 3457 725 3511 καὶ
759 3456 1046 3529 τύραννον
1076 3452 1180 3510 τόν
1211 3474 1271 3509 τε
1306 3455 1563 3528 γήμαντα
1596 3456 1773 3530 κτάνῃ

551 3536 790 3596 κᾶπειτα
820 3543 981 3612 μείζω
1015 3535 1317 3609 συμφορὰν
1348 3536 1488 3612 λάβῃ
1529 3541 1675 3595 τινά.

2254 595 2319 646 25

2254 1615 2327 1668 35

2246 2025 2321 2080 39

2246 2216 2318 2270 45

2250 2707 2322 2766 50
