2534 3917
291 182 418 246 334

291 564 434 626 XO.

291 768 445 831 ΗΝ.

291 1484 428 1544 ΧΟ.

290 1686 441 1747 HN.

1164 181 1331 237 ΡΗΣ
1335 181 1445 239 ΟΣ

522 350 770 439 δράσας
798 346 1026 438 ἀφανῆ
1055 354 1388 439 φροῦδος,
1418 347 1719 438 φανερὸν

521 454 772 542 Θρῃξὶν
797 454 1052 532 πένθος
1086 449 1523 532 τολυπεύσας.

516 552 729 624 κακὸν
761 568 1000 642 κυρεῖν
1028 582 1092 622 τι
1125 560 1398 646 Θρῃκίῳ
1433 552 1875 642 στρατεύματι

521 664 773 745 ἔοικεν,
797 650 906 725 οἷα
935 662 1135 725 τοῦδε
1163 653 1517 744 γιγνῶσκω
1546 654 1796 725 κλύων.

516 767 697 851 ἔρρει
721 757 1031 847 στρατιά,
1061 761 1409 829 πέπτωκεν
1438 754 1601 840 ἅναξ

521 868 724 953 δολίω
757 867 1000 950 πληγῇ.

519 953 790 1093 ἆμᾶἆῳ

517 1070 624 1133 οἵα
643 1062 712 1152 μ’
747 1060 962 1151 ὀδύνη
991 1069 1198 1153 τείρει
1226 1069 1474 1151 φονίου

516 1166 892 1257 τραύματος
923 1176 1100 1235 εἴσω.
1135 1172 1277 1246 πῶς
1306 1192 1393 1233 αν
1419 1160 1732 1253 ὀλοίμην;

514 1277 684 1359 χρῆν
717 1270 845 1359 γάρ
872 1266 943 1357 μ’
977 1264 1232 1349 ἀκλεῶς
1263 1264 1499 1355 Ῥῆσόν
1519 1293 1591 1336 τε
1616 1277 1883 1355 θανεῖν,

526 1380 732 1463 Τροίᾳ
759 1368 1064 1441 κέλσαντ’
1097 1374 1501 1459 ἐπίκουρονς

515 1471 664 1541 τάδ’
703 1470 830 1542 οὐκ
857 1476 933 1543 ἐν
960 1477 1329 1559 αἰνιγμοῖσι
1362 1477 1673 1560 σημαίνει
1699 1470 1872 1539 κακά
1888 1491 1906 1509 ·

514 1581 745 1661 σαφῶς
772 1571 901 1663 γὰρ
931 1570 1112 1664 αύδᾷ
1139 1574 1525 1661 συμμάχους
1550 1569 1901 1652 ὀλωλότας.

510 1682 732 1756 κακῶς
761 1678 1134 1766 πέπρακται
1159 1671 1326 1745 κάπὶ
1354 1690 1491 1756 τοῖς
1518 1690 1781 1744 κακοῖσι
1807 1673 1975 1764 πρὸς

514 1787 851 1865 αἴσχιστα·
881 1786 1102 1847 καίτοι
1131 1778 1234 1858 δὶς
1261 1778 1460 1848 τόσον
1487 1775 1699 1846 κακὸν
1726 1776 1919 1846 τόδε·

514 1890 758 1951 θανεῖν
785 1878 912 1969 γὰρ
945 1878 1236 1961 εὐκλεῶς
1265 1883 1421 1969 μέν,
1453 1885 1517 1949 εἰ
1545 1889 1792 1949 θανεῖν
1814 1878 2067 2003 χρεῶν,

512 1981 775 2071 λυπρὸν
802 1982 926 2071 μὲν
954 1982 1137 2072 οἶμαι
1164 1988 1258 2074 τῶ
1287 1982 1607 2052 θανόντι·
1637 1988 1779 2061 πῶς
1804 1979 1934 2072 γὰρ
1962 1978 2082 2065 ού;

511 2098 648 2165 τοῖς
682 2092 838 2168 ζῶσι
874 2081 942 2154 δ’
977 2082 1177 2174 ὄγκος
1205 2087 1317 2155 καὶ
1354 2084 1581 2173 δόμων
1610 2080 1900 2165 εὐδοξία.

509 2184 696 2276 ἡμεῖς
725 2183 790 2256 δ’
823 2183 1128 2275 ἀβούλως
1155 2184 1451 2268 κάκλεῶς
1478 2181 1843 2273 ὀλώλαμεν.

509 2290 653 2359 ἐπεὶ
681 2287 809 2376 γὰρ
839 2285 1006 2376 ἡμᾶς
1029 2286 1268 2378 ηὕνασ’
1309 2286 1645 2379 Ἑκτόρεια
1671 2293 1841 2377 χείρ,

510 2390 825 2477 ξύνθημα
851 2393 1070 2477 λέξας,
1103 2386 1391 2476 εύδομεν
1418 2396 1852 2479 πεδοστιβεῖς,

507 2491 693 2583 κόπῳ
725 2493 1076 2579 δαμέντες,
1107 2488 1261 2561 οὐδ’
1294 2496 1691 2584 ἐφρουρεῖτο
1722 2487 1999 2581 στρατὸς

510 2601 878 2682 φυλακαῖσι
904 2597 1363 2685 νυκτέροισιν,
1395 2591 1547 2664 οὐδ’
1582 2597 1658 2664 ἐν
1685 2593 1949 2676 τάξεσιν

506 2704 720 2767 ἔκειτο
748 2695 985 2787 τεύχη,
1016 2697 1317 2787 πλῆκτρά
1342 2694 1403 2766 τ’
1436 2693 1562 2767 οὐκ
1590 2697 1699 2765 ἐπὶ
1724 2702 1947 2783 ζυγοῖς

507 2804 731 2870 ἵππων
757 2797 1219 2890 καθήρμοσθ’,
1253 2797 1343 2879 ῶς
1368 2796 1533 2882 ἅναξ
1569 2798 1897 2868 ἐπεύθετο

507 2909 921 2990 κρατοῦντας
947 2898 1122 2987 ὑμᾶς
1149 2898 1695 2989 κάφεδρεύοντας
1722 2906 1903 2970 νεῶν

507 3002 877 3089 πρύμναισι
894 3024 911 3040 ·
941 3002 1219 3089 φαύλως
1243 3000 1311 3072 δ’
1334 2999 1637 3090 ηὕδομεν
1666 3000 2103 3081 πεπτωκότες.

504 3100 688 3190 κᾶγῶ
717 3101 1013 3192 μελούσῃ
1039 3108 1287 3196 καρδίᾳ
1315 3104 1513 3191 λήξας
1539 3101 1764 3174 ὕπνου

502 3204 780 3275 πῶλοισι
808 3202 1080 3294 χόρτον,
1113 3212 1511 3294 προσδοκῶν
1548 3204 1847 3294 ἑωθινὴν

503 3306 756 3391 ζεύξειν
782 3312 848 3390 ἐς
875 3303 1123 3395 ἀλκήν,
1153 3304 1444 3403 ἀφθόνῳ
1478 3316 1701 3399 μετρῶ
1726 3314 1893 3401 χερί,

502 3410 761 3479 λεύσσω
793 3410 868 3479 δὲ
898 3416 1080 3497 φῶτε
1109 3408 1600 3501 περιπολοῦνθ’
1633 3408 1825 3497 ἡμῶν
1854 3413 2141 3497 στρατὸν

498 3519 757 3598 πυκνῆς
788 3509 882 3581 δι’
917 3508 1207 3601 ὄρφνης·
1239 3508 1329 3592 ῶς
1360 3509 1423 3580 δ’
1456 3510 1785 3597 ἐκινήθην
1812 3508 1965 3597 ἐγώ,

2196 533 2305 629 '74⁵

2191 1080 2299 1137 750

2190 1588 2297 1645 ⁷55

2186 2100 2293 2155 760

2184 2609 2291 2665 765

2181 3116 2289 3175 770
