2534 3917
144 2539 280 2601 XO.

142 2744 260 2805 IA.

981 223 1337 279 MHAEIA
2026 219 2153 283 223

365 393 573 476 κῆδος
601 385 745 457 τόδ’
776 385 941 477 ἡμῖν
969 387 1406 478 προσλαβών,
1441 386 1571 478 ἐγω
1607 383 1674 456 δ’
1715 384 1978 479 ἄφρων,
2054 404 2159 460 885

363 481 410 580 ᾗ
434 497 605 581 χρῆν
636 505 936 577 μετεῖναι
962 495 1178 560 τῶνδε
1205 485 1341 560 τῶν
1370 488 1854 578 βουλευμάτων

367 595 508 681 [καὶ
540 595 1021 678 ξυμπεραίνειν
1053 593 1164 656 καὶ
1194 591 1607 675 παρεστάναι
1638 592 1842 674 λέχει]

363 695 647 781 νύμφην
674 720 748 762 τε
780 692 1210 780 κηδεύουσαν
1244 690 1537 782 ἥδεσθαι
1568 696 1794 763 σέθεν.

366 791 514 864 ἀλλ’
557 795 754 882 ἐσμὲν
786 789 934 864 οἷόν
967 799 1199 883 ἐσμεν,
1233 792 1361 864 οὐκ
1390 799 1520 884 ἐρῶ
1550 795 1785 882 κακόν,

363 911 715 985 γυναῖκες·
747 893 1004 966 οὔκουν
1028 905 1200 986 χρῆν
1231 893 1296 966 σ’
1336 894 1745 985 ὁμοιοῦσθαι
1770 914 1999 980 κακοῖς
2051 915 2157 972 890

370 995 522 1068 οὐδ’
563 995 965 1068 ἀντιτείνειν
999 996 1186 1086 νήπι’
1227 996 1379 1068 ἀντὶ
1409 1007 1693 1088 νηπίων.

369 1103 822 1189 παριέμεσθα,
854 1108 977 1170 καί
1003 1128 1226 1189 φαμεν
1252 1108 1475 1181 κακῶς
1507 1116 1789 1190 φρονεῖν

365 1200 532 1289 τότ’,
568 1200 717 1271 ἀλλ’
751 1201 1028 1291 ἄμεινον
1055 1208 1188 1271 νῦν
1214 1201 1671 1291 βεβούλευμαι
1704 1203 1880 1272 τόδε.

365 1295 421 1372 οἷ
449 1305 648 1374 τέκνα
682 1307 916 1393 τέκνα,
953 1311 1183 1392 δεῦτε,
1215 1311 1475 1374 λείπετε
1510 1307 1766 1391 στέγας,

365 1404 687 1494 ἐξέλθετ’,
721 1401 1118 1478 ἀσπάσασθε
1146 1409 1260 1476 καὶ
1290 1413 1697 1497 προσείπατε
2048 1423 2152 1478 895

366 1511 620 1600 πατέρα
648 1506 808 1597 μεθ’
841 1505 1054 1598 ἡμῶν,
1083 1511 1197 1578 καὶ
1223 1504 1677 1597 διαλλάχθηθ’
1714 1505 1848 1597 ἅμα

365 1618 482 1700 τῆς
516 1611 822 1701 πρόσθεν
851 1619 1098 1701 ἔχθρας
1134 1619 1227 1691 εἰς
1256 1617 1501 1699 φίλους
1527 1609 1775 1700 μητρὸς
1804 1613 1997 1699 μέτα·

367 1715 656 1783 σπονδαὶ
689 1711 819 1803 γὰρ
850 1711 1012 1802 ἡμῖν
1037 1716 1153 1782 καὶ
1186 1716 1601 1802 μεθέστηκεν
1629 1713 1841 1799 χόλος.

366 1815 664 1905 λάβεσθε
688 1815 908 1906 χειρὸς
939 1818 1188 1897 δεξιᾶς·
1223 1825 1405 1901 οἴμοι
1469 1822 1719 1884 κακῶν.

368 1917 848 2042 αὲς,ἐννοοῦμαι
874 1916 959 2005 δή
984 1944 1048 1985 τι
1077 1923 1214 1985 τῶν
1240 1918 1742 2005 κεκρυμμένων.
2048 1931 2153 1986 900

369 2129 582 2210 φίλην
613 2117 861 2209 ὀρέξετ’
898 2117 1196 2208 ὦλένην;
1229 2116 1491 2189 τάλαιν’
1526 2119 1678 2207 ἐγώ,

371 2221 460 2304 ὦς
491 2220 901 2313 ἀρτίδακρύς
934 2229 1068 2310 εἰμι
1098 2224 1211 2292 καὶ
1239 2222 1466 2310 φόβου
1495 2224 1685 2291 πλέα.

365 2325 590 2420 χρόνῳ
626 2323 702 2394 δὲ
731 2341 953 2405 νεῖκος
986 2324 1235 2416 πατρὸς
1264 2327 1698 2414 ἐξαιρουμένη

371 2426 532 2511 ὄψιν
558 2435 870 2516 τέρειναν
893 2425 1085 2515 τήνδ’
1127 2433 1381 2514 ἔπλησα
1414 2426 1752 2516 δακρύων.
2044 2441 2147 2494 905

366 2526 567 2618 κάμοὶ
595 2525 743 2599 κατ’
778 2525 1006 2598 ὅσσων
1030 2527 1295 2620 χλωρὸν
1322 2525 1607 2617 ὁρμήθη
1635 2527 1853 2617 δάκρυ
1870 2548 1886 2564 ·

369 2634 484 2700 καὶ
516 2630 607 2720 μὴ
641 2638 932 2722 προβαίη
958 2639 1182 2719 μεῖζον
1208 2627 1252 2718 ἢ
1286 2629 1361 2699 τὸ
1391 2637 1523 2698 νῦν
1551 2630 1780 2698 κακόν.

370 2740 538 2803 αίνῶ
569 2732 774 2821 γύναι
799 2729 973 2820 τάδ’,
1007 2729 1159 2803 οὐδ’
1195 2736 1418 2801 ἐκεῖνα
1443 2733 1816 2819 μέμφομαι·

371 2835 548 2916 εἰκὸς
575 2833 705 2925 γὰρ
741 2832 946 2924 ὀργὰς
971 2841 1153 2924 θῆλυ
1183 2843 1523 2904 ποιεῖσθαι
1547 2834 1741 2920 γένος

372 2937 628 3026 γάμους
653 2945 1170 3028 παρεμπολῶντι
1199 2945 1236 2983 *
1265 2945 1303 2982 *
1333 2944 1369 2982 *
1399 2941 1612 3005 πόσει.
2045 2949 2147 3003 910

373 3037 521 3109 ἀλλ’
559 3047 652 3120 είς
677 3037 752 3109 τὸ
781 3046 962 3132 λῷον
990 3039 1113 3109 σὸν
1138 3040 1552 3127 μεθέστηκεν
1576 3038 1761 3126 κεάρ,

373 3138 581 3219 ἔγνως
605 3135 829 3222 δὲτὴν
850 3142 1148 3204 νικῶσαν
1168 3138 1335 3205 ἀλλὰ
1373 3144 1466 3226 τῷ
1517 3139 1737 3227 χρόνῳ

369 3232 654 3319 [βουλήν
667 3259 685 3276 ·
731 3233 1052 3320 γυναικὸς
1069 3240 1228 3322 ἔργα
1249 3241 1460 3302 ταῦτα
1480 3235 1879 3323 σώφρονος].

366 3327 530 3417 ὑμῖν
554 3334 629 3401 δὲ
653 3337 882 3413 παῖδες
906 3331 1033 3401 οὐκ
1058 3331 1515 3418 ἀφροντίστως
1538 3334 1753 3420 πατὴρ

363 3431 627 3514 πολλὴν
652 3435 858 3516 ἔθηκε
880 3430 1010 3499 σὺν
1029 3441 1219 3509 θεοῖς
1243 3435 1630 3518 προμηθίαν
1645 3458 1659 3471 ·
2031 3445 2131 3500 915

363 3523 545 3612 οἶμαι
575 3529 702 3617 γὰρ
724 3526 898 3616 ὑμᾶς
921 3536 1122 3616 τῆσδε
1143 3536 1264 3617 γῆς
1285 3535 1659 3616 Κορινθίας
