2534 3917
1035 159 1461 218 ΤΡΩΙΑΔΕΣ
2086 161 2207 227 377

434 334 573 407 πῶς
606 318 733 396 οὖν
762 322 855 395 ἔτ’
896 321 982 394 ἂν
1009 324 1372 415 θνῄσκοιμ’
1405 322 1491 395 ἂν
1517 320 1831 418 ἐνδίκως,
1863 331 2041 419 πόσι,

433 429 599 520 πρὸς
630 435 755 498 σοῦ
788 435 1095 516 δικαίως,
1126 425 1211 515 ἣν
1245 424 1280 496 ὃ
1309 429 1434 516 μὲν
1464 436 1582 522 βία
1607 447 1824 520 γαμεῖ,

435 529 514 600 τὰ
544 528 607 599 δ’
643 541 919 599 οἴκοθεν
947 526 1120 599 κεῖν’
1153 527 1303 598 ἀντὶ
1329 539 1738 621 νικητηρίων

430 639 686 722 πικρῶς
718 628 1111 714 έδούλευσ’;
1145 639 1208 700 εί
1237 633 1313 701 δὲ
1339 640 1476 703 τῶν
1509 641 1696 703 θεῶν
1722 651 1994 724 κρατεῖν

433 735 695 823 βούλει,
724 732 799 803 τὸ
827 733 1088 823 χρῄζειν
1117 730 1373 821 ἀμαθές
1403 737 1548 804 ἐστί
1569 757 1673 810 σοι
1701 738 1874 807 τόδε.
2111 755 2211 810 965

209 847 345 908 XO.
433 831 741 924 βασίλει’,
774 832 1033 922 ἄμυνον
1064 852 1203 917 σοῖς
1230 839 1522 908 τέκνοισι
1549 840 1664 907 καὶ
1693 839 1910 932 πάτρᾳ

438 936 655 1007 πειθώ
688 943 1185 1027 διαφθείρουσα
1211 935 1428 1026 τῆσδ’,
1459 940 1603 1010 ἐπεὶ
1635 943 1815 1029 λέγει

434 1047 650 1120 καλῶς
680 1048 1054 1132 κακοῦργος
1082 1031 1249 1109 οὖσα
1266 1061 1281 1076 ·
1327 1039 1554 1112 δεινὸν
1580 1033 1710 1110 οὖν
1735 1042 1908 1112 τόδε.

208 1152 345 1214 ΕΚ.
427 1157 568 1222 τοῖς
596 1153 823 1211 θεοῖσι
852 1149 1081 1230 πρῶτα
1110 1141 1447 1230 σύμμαχος
1472 1142 1835 1231 γενήσομαι

433 1245 545 1312 καὶ
573 1243 773 1337 τήνδε
802 1247 997 1326 δείξω
1024 1240 1115 1330 μὴ
1142 1245 1473 1332 λέγουσαν
1511 1237 1766 1312 ἔνδικα.
2107 1263 2210 1317 970

435 1345 571 1433 ἐγώ·
600 1343 728 1435 γὰρ
746 1341 963 1436 ’Ἠραν
989 1349 1336 1432 παρθένον
1369 1373 1441 1415 τε
1466 1347 1792 1416 Παλλάδα

437 1445 562 1516 οὐκ
593 1454 686 1526 εἰς
714 1455 1033 1517 τοσοῦτον
1061 1442 1355 1533 ἀμαθίας
1389 1451 1620 1518 ἐλθεῖν
1646 1453 1845 1535 δοκι-5,

436 1545 605 1618 ὥσθ’
639 1547 679 1636 ἣ
711 1549 833 1634 μὲν
853 1546 1097 1640 ’Ἁργος
1121 1549 1486 1638 βαρβάροις
1514 1547 1892 1638 ἀπημπόλα,

434 1647 704 1731 Παλλας
736 1646 801 1718 δ’
833 1646 1122 1738 Ἀθήνας
1149 1653 1364 1739 Φρυξὶ
1393 1651 1750 1721 δουλεύειν
1777 1656 1956 1722 ποτέ.

441 1759 513 1820 αἳ
538 1758 867 1821 παιδιαῖσι
902 1753 1013 1820 καὶ
1039 1757 1233 1840 χλιδῇ
1260 1759 1526 1874 μορφῆς
1553 1755 1708 1843 πέρι
2107 1769 2210 1826 975

433 1851 697 1940 ηλυθον
724 1849 830 1922 ἐπ’
855 1850 1063 1940 Ἴδην.
1092 1859 1215 1922 τοῦ
1244 1851 1372 1943 γὰρ
1427 1849 1632 1922 εἵνεκ’
1669 1882 1754 1922 αν
1780 1852 1911 1922 θεα

419 1952 591 2043 ’Ἡρα
618 1961 941 2024 τοσοῦτον
970 1951 1113 2042 ἔσχ’
1150 1961 1364 2044 ἔρωτα
1394 1961 1754 2043 καλλονῆς;

440 2057 723 2147 πότερον
752 2053 1051 2144 ἀμείνον’
1084 2085 1173 2138 ως
1202 2055 1395 2144 λάβοι
1421 2055 1590 2136 Διὸς
1617 2057 1838 2144 πόσιν,

438 2187 479 2282 η
508 2159 720 2246 γάμον
743 2155 992 2227 ’Λθάνα
1020 2165 1209 2228 θεων
1235 2184 1414 2238 τινος
1443 2161 1828 2248 θηρωμένη,

434 2288 475 2348 η
505 2270 920 2350 παρθενείαν
945 2259 1191 2352 πατρὸς
1219 2259 1574 2350 ἐξῃτήσατο
2109 2275 2214 2331 980

438 2363 786 2450 φεύγουσα
814 2365 1084 2452 λέκτρα·
1068 2414 1085 2447 ,
1128 2362 1218 2451 μὴ
1249 2359 1533 2449 ἀμαθεῖς
1563 2369 1739 2431 ποίει
1768 2329 1932 2442 θεας

438 2463 510 2533 τὸ
546 2463 668 2533 σὰν
695 2461 906 2532 κακὸν
933 2471 1306 2551 κοσμοῦσα·
1349 2462 1438 2552 μὴ
1465 2461 1548 2533 οὐ
1577 2471 1810 2554 πείσης
1837 2464 2111 2553 σοφούς.

438 2566 709 2655 Κύπριν
738 2562 806 2634 δ’
840 2569 1093 2651 ἔλεξας,
1125 2571 1332 2633 ταῦτα
1359 2593 1486 2654 γαρ
1516 2569 1724 2652 γέλως
1752 2566 1982 2652 πολύς,

440 2673 668 2736 ἐλθεῖν
703 2671 837 2760 ἐμῷ
867 2666 991 2748 ξὺν
1018 2669 1207 2735 παιδὶ
1235 2669 1560 2734 Μενέλεω
1590 2667 1858 2753 δόμους.

440 2767 567 2838 οὐκ
597 2765 682 2838 ἂν
707 2765 983 2855 μένουσ’
1018 2796 1101 2836 αν
1127 2765 1372 2856 ήσυχός
1398 2764 1464 2835 σ’
1499 2771 1573 2836 ἐν
1602 2764 1872 2859 οὐρανω
2113 2783 2216 2838 985

442 2868 676 2995 αὐταῖς
700 2866 1111 2957 Ἀμύκλαις’
1085 2869 1336 2959 ήγαγεν
1363 2868 1529 2959 πρὸς
1550 2866 1792 2938 ”·Ιλιον
1777 2920 1795 2952 ,

440 2973 529 3060 ἠν
556 2969 763 3059 οὑμὸς
792 2967 939 3053 υίὸς
965 2972 1203 3053 κάλλος
1236 2973 1780 3061 ἐκπρεπέστατος,

440 3071 475 3142 6
504 3071 618 3155 σὸς
647 3070 713 3142 δ’
755 3071 921 3143 ἰδών
948 3103 1059 3144 νιν
1085 3080 1246 3154 νοῦς
1275 3074 1560 3163 ἐποιήθη
1590 3073 1887 3163 Κύπρις·

439 3204 520 3245 τα
547 3184 739 3263 μῶρα
770 3205 897 3266 γαρ
926 3173 1121 3246 πάντ’
1155 3178 1337 3247 ἐστὶν
1363 3174 1720 3268 Ἀφροδίτη
1750 3184 2034 3263 βροτοῖς,

440 3281 554 3346 καὶ
580 3274 855 3366 τοῦνομ’
889 3275 1114 3367 ὀρθῶς
1144 3276 1534 3366 ἀφροσύνης
1563 3275 1748 3366 ἄρχει
1776 3282 1960 3352 θεᾶς.
2117 3282 2220 3338 99⁰

438 3383 525 3448 σύ
554 3388 727 3467 γοῦν
760 3371 999 3450 ἰδοῦσα
1028 3384 1398 3466 βαρβάροις
1430 3382 1764 3467 ἐσθήμασι

442 3489 669 3574 χρυσῷ
697 3509 767 3551 τε
797 3479 1101 3567 λαμπρὸν
1131 3477 1598 3567 ἐξεμαργώθης
1628 3484 1900 3566 φρένας.
