2534 3917
324 176 408 242 70
756 178 1215 236 ΙΦΙΓΕΝΕΙΑ
1255 178 1328 234 Η
1363 179 1482 235 ΕΝ
1525 179 1881 238 ΤΑΤΡΟΙΣ

332 356 523 417 Bor.
555 355 719 436 βοῦς
746 344 1051 437 ἤλθομεν
1077 354 1390 428 νίψοντες
1419 350 1652 438 ἐναλίᾳ
1681 347 1924 439 δρόσῳ.
2236 369 2338 423 255

328 459 444 520 ΙΦ.
550 453 765 519 ἐκεῖσε
794 448 877 538 δὴ
913 447 1267 535 ’πάνελθε,
1298 459 1431 518 ποῦ
1463 477 1577 517 νιν
1606 454 1815 519 εἵλετε

552 552 779 644 τρόπῳ
807 547 885 622 θ’
928 547 1137 644 ὁποίῳ
1155 573 1169 588 ·
1198 557 1400 621 τοῦτο
1428 549 1558 641 γὰρ
1586 561 1837 638 μαθεῖν
1865 554 2072 622 θέλω.

551 655 811 743 χρόνιοι
836 652 965 744 γὰρ
992 649 1265 742 ἥκουσ’,
1313 654 1381 732 ἐξ
1426 653 1588 719 ὅτου
1636 653 1861 742 βωμὸς
1887 662 2054 736 θεᾶς

544 753 1036 845 Ἑλληνικαῖσιν
1064 758 1495 844 ἐξεφοινίχθη
1526 757 1729 843 ῥοαῖς.

327 865 520 929 Bor.
555 861 700 929 ἐπεὶ
729 858 851 928 τὸν
882 860 1226 948 είσρέοντα
1256 855 1372 928 διὰ
1399 858 1924 946 Συμπληγάδων
2233 879 2338 932 260

550 969 717 1049 βοῦς
746 958 1177 1051 ὑλοφορβοὺς
1203 960 1454 1029 πόντον
1484 961 1976 1048 εἰσεβάλλομεν,

554 1054 642 1152 ἦν
665 1089 766 1144 τις
792 1059 1084 1153 διαρρὼξ
1114 1062 1432 1150 κυμάτων
1461 1069 1686 1154 πολλῷ
1717 1062 1896 1153 σάλῳ

550 1164 883 1246 κοιλωπὸς
912 1161 1151 1253 ἀγμός,
1180 1168 1722 1255 πορφυρευτικαὶ
1749 1168 1996 1252 στέγαι.

550 1272 852 1338 ἐνταῦθα
880 1265 1155 1347 δισσοὺς
1186 1267 1328 1337 εἶδέ
1349 1295 1448 1347 τις
1473 1273 1748 1348 νεανίας

551 1368 941 1460 βουφορβὸς
970 1365 1194 1456 ἡμῶν,
1226 1366 1692 1456 κάνεχώρησεν
1721 1368 1923 1439 πάλιν
2231 1388 2330 1442 265

550 1468 817 1559 ἄκροισι
846 1471 1235 1540 δακτύλοισι
1264 1471 1675 1560 πορθμεύων
1705 1481 1904 1558 ἴχνος.

550 1577 729 1655 ἔλεξε
756 1569 820 1642 δ’
844 1596 858 1610 ·
890 1569 1013 1660 ούχ
1042 1568 1274 1663 &ofin-3
1305 1576 1616 1662 δαίμονές
1642 1601 1819 1653 τινες

550 1677 930 1746 θάσσουσιν
956 1680 1118 1745 οἵδε.
1148 1673 1479 1765 θεοσεβὴς
1507 1673 1572 1745 δ’
1609 1673 1799 1763 ἡμῶν
1825 1703 1924 1755 τις
1953 1670 2050 1744 ὢν

551 1776 788 1866 ἀνέσχε
815 1794 995 1869 χεῖρε
1024 1780 1137 1847 καὶ
1164 1774 1561 1870 προσηύξατ’
1599 1777 1901 1847 εἰσιδών·

550 1871 607 1950 03
636 1890 910 1962 ποντίας
936 1896 1063 1950 παῖ
1074 1885 1498 1967 Λευκοθέας,
1527 1887 1707 1950 vso-522
1735 1878 1975 1968 φύλαξ,
2229 1899 2336 1954 270

548 1987 838 2055 δέσποτα
864 1993 1249 2072 Παλαῖμον,
1281 1991 1474 2064 ἵλεως
1503 1979 1664 2072 ἡμῖν
1690 1989 1917 2070 γενοῦ,

548 2083 672 2157 εἴτ’
707 2079 836 2157 οὖν
865 2084 968 2156 ἐπ’
1003 2083 1233 2166 ἀκταῖς
1260 2085 1598 2155 θάσσετον
1623 2085 2004 2175 Διοσκόρω,

543 2185 587 2278 ἢ
614 2191 898 2276 Νηρέως
933 2183 1299 2275 ἀγάλμαθ’,
1331 2183 1406 2268 ὃς
1433 2187 1552 2257 τὸν
1583 2184 1825 2275 εὐγενῆ

543 2299 758 2361 ἔτικτε
786 2289 1197 2377 πεντήκοντα
1221 2289 1566 2379 Νηρῄδων
1591 2289 1814 2381 χορόν.

544 2390 744 2472 ἄλλος
772 2393 854 2460 δέ
876 2418 973 2472 τις
1000 2390 1307 2480 μάταιος,
1339 2389 1588 2484 ἀνομία
1615 2392 1902 2482 θρασύς,
2220 2407 2328 2465 275

545 2496 861 2583 ἐγέλασεν
891 2488 1147 2582 εὐχαῖς,
1177 2503 1539 2575 ναυτίλους
1569 2491 1636 2563 δ’
1669 2495 2142 2585 ἐφθαρμένους

543 2597 830 2668 θάσσειν
859 2594 1151 2686 φάραγγ’
1186 2605 1438 2686 ἔφασκε
1465 2604 1589 2666 τοῦ
1615 2596 1833 2685 νόμου
1863 2597 2080 2691 φόβῳ,

542 2701 871 2782 κλύοντας
900 2697 990 2781 ὥς
1018 2699 1310 2789 θύοιμεν
1342 2700 1592 2770 ἐνθάδε
1618 2700 1870 2780 ξένους.

549 2807 735 2886 ἔδοξε
763 2800 827 2872 δ’
860 2800 1053 2891 ἡμῶν
1076 2794 1156 2871 εὖ
1186 2806 1411 2889 λέγειν
1437 2818 1574 2884 τοῖς
1603 2808 1884 2888 πλείοσι,

544 2913 774 2995 θηρᾶν
801 2933 874 2973 τε
901 2912 981 2994 τῇ
1012 2911 1153 2996 θεῷ
1184 2905 1440 2993 σφάγια
1470 2901 1859 2994 τάπιχώρια.
2223 2921 2332 2974 280

541 3005 671 3076 κάν
696 3013 869 3098 τῷδε
898 3009 1150 3096 πέτραν
1176 3002 1410 3096 ἅτερος
1436 3006 1655 3076 λιπών
1681 3008 1915 3089 ξένοιν,

544 3116 697 3197 ἔστη
726 3109 898 3197 κάρα
925 3135 998 3177 τε
1026 3104 1337 3192 διετίναξ’
1367 3105 1506 3179 ἅνω
1536 3109 1716 3178 κάτω

544 3209 1035 3294 κάπεστέναξεν
1066 3207 1317 3292 ωλένας
1344 3215 1606 3301 τρέμων
1637 3239 1881 3336 ακρας,

541 3322 812 3404 μανίαις
839 3311 1169 3402 ἀλαίνων,
1199 3317 1315 3384 καὶ
1342 3321 1472 3407 βοᾷ
1500 3312 1796 3403 κυναγὸς
1827 3335 1946 3394 ως·

542 3417 866 3505 Πυλάδη,
899 3419 1222 3508 δέδορκας
1249 3415 1487 3505 τήνδε,
1519 3416 1721 3504 τήνδε
1751 3413 1816 3485 δ’
1851 3412 1974 3502 οὐχ
2006 3411 2168 3504 ὁρᾷς
2223 3429 2331 3485 ‘285

524 3514 764 3590 ’Ἅιδου
794 3519 1197 3610 δράκαιναν,
1230 3546 1321 3598 ως
1350 3545 1432 3605 με
1460 3519 1776 3607 βούλεται
1804 3533 2074 3587 κτανεῖν
