2534 3917
287 187 410 252 170
435 199 452 227 ’“
1109 179 1405 238 ΚΤΚΛΩ
1420 181 1488 236 Ψ

517 355 894 432 Κύκλωπος
922 347 1279 440 άγροβάτα.

516 461 954 547 σπαργῶντας
979 449 1272 541 μαστοὺς
1299 449 1619 536 χάλασον·
2032 439 2174 514 άντ.
2231 461 2303 513 55

517 561 700 642 δέξαι
726 564 1006 644 θηλαῖσι
1036 551 1310 641 σποράς,

517 658 596 742 ἃς
624 666 876 738 λείπεις
907 654 1135 746 άρνῶν
1160 653 1511 741 θαλάμοις.

522 767 828 833 ποθοῦσί
855 757 919 828 σ’
955 755 1381 846 ἆμερόκοιτοι

520 865 760 954 βλαχαὶ
790 866 1092 950 σμικρῶν
1121 859 1389 926 τεκέων.

523 973 616 1046 εἰς
645 962 862 1033 αὐλάν
889 958 1065 1046 ποτ’,
1097 957 1506 1048 ἀμφιθαλεῖς
2232 967 2304 1023 60

519 1062 843 1156 ποιηροὺς
873 1071 1196 1133 λείπουσα
1223 1060 1497 1148 νομούς,

523 1174 869 1239 Αἰτναίων
897 1177 1063 1236 εἴσει
1092 1163 1475 1244 σκοπέλων;

527 1269 610 1340 οὐ
641 1269 800 1339 τάδε
826 1268 1146 1358 Βρόμιος,
1177 1261 1260 1334 οὐ
1290 1263 1451 1334 τάδε
1476 1263 1659 1352 χοροὶ

522 1373 776 1460 Βάκχαι
804 1397 876 1440 τε
903 1367 1353 1460 θυρσοφόροι,

522 1472 606 1545 οὐ
636 1475 1002 1560 τυμπάνων
1027 1470 1419 1555 ἀλαλαγμοί,
2237 1475 2305 1531 65

526 1574 652 1646 οὐκ
680 1584 873 1644 οἴνου
900 1573 1152 1661 χλωραὶ
1180 1569 1501 1657 σταγόνες
2237 1574 2305 1631 67

528 1677 807 1769 κρήναις
835 1671 993 1765 παρ’
1027 1669 1445 1761 ὑδροχύτοις,
2238 1677 2307 1732 66

528 1777 611 1848 οὐ
655 1781 1022 1867 δινεύματα
1057 1779 1385 1861 Νυμφᾶν.

532 1891 763 1969 ἴακχον
791 1891 1024 1967 ἴακχον
1053 1875 1238 1970 ᾠδὰν

530 1985 758 2072 μέλπω
788 1981 956 2071 πρὸς
980 1979 1104 2050 τᾶν
1123 1977 1550 2067 Ἀφροδίταν,
2237 1981 2304 2036 70

531 2081 617 2153 ἂν
648 2084 971 2174 θηρεύων
999 2081 1295 2168 πετόμαν

530 2187 820 2272 Βάκχαις
850 2181 981 2253 σὺν
1009 2182 1434 2252 λευκόποσιν.

532 2279 586 2356 ὦ
617 2294 812 2375 φίλος
842 2276 897 2353 ὦ
924 2292 1082 2372 φίλε
1108 2291 1419 2369 Βακχεῖε,
1448 2293 1567 2350 ποῖ’
1600 2283 1925 2348 οἰοπολῶν

531 2387 793 2471 ξανθὰν
821 2393 1057 2474 χαίταν
1088 2393 1319 2466 σείεις;
2238 2387 2306 2442 75

534 2488 663 2578 ἐγω
694 2485 760 2559 δ’
793 2485 828 2558 ὁ
859 2486 975 2568 σὸς
1003 2487 1336 2577 πρόπολος

535 2593 806 2681 θητεύω
833 2590 1164 2660 Κύκλωπι

535 2704 628 2788 τῷ
655 2696 1104 2785 μονοδέρκτᾳ,
1136 2697 1378 2770 δοῦλος
1405 2686 1701 2758 ἀλαίνων

536 2798 666 2867 σὺν
692 2804 855 2889 τᾷδε
881 2796 1134 2886 τράγου
1161 2800 1402 2883 χλαίνα
1427 2791 1629 2881 μελέᾳ
1990 2860 1995 2866 ,
2242 2797 2315 2849 80

537 2907 656 2979 σᾶς
683 2900 885 3022 χωρὶς
914 2903 1164 2984 φιλίας.

307 3009 486 3071 ΣΕΙ.
545 2995 875 3087 σιγήσατ’,
907 3025 960 3066 ω
991 2994 1172 3067 τέκν’
1181 2994 1445 3086 ,άντρα
1473 2990 1537 3063 δ’
1575 2997 1669 3072 εἰς
1698 2992 2083 3081 πετρηρεφῆ

539 3108 824 3189 ποίμνας
852 3096 1169 3224 ἀθροῖσαι
1199 3097 1623 3188 προσπόλους
1640 3098 2020 3165 κελεύσατε.

307 3213 452 3274 ΧΟ.
533 3200 829 3293 χωρεῖτ’·
864 3199 1029 3291 άταρ
1060 3199 1143 3288 δὴ
1174 3207 1362 3286 τίνα,
1395 3199 1638 3286 πάτερ,
1670 3193 1982 3282 σπουδὴν
2010 3197 2214 3277 ἔχεις;

309 3314 490 3374 ΣΕΙ.
536 3301 674 3396 ὁρῶ
705 3303 872 3395 πρὸς
901 3300 1132 3383 άκταϊς
1158 3301 1323 3382 ναὸς
1341 3299 1653 3379 Ἑλλάδος
1681 3299 1941 3386 σκάφος
2249 3304 2319 3358 85
2360 3371 2365 3374 ¹

541 3432 770 3492 κωπης
798 3403 858 3474 τ’
892 3432 1180 3484 ανακτας
1208 3401 1341 3471 σὺν
1368 3399 1785 3491 στρατηλάτῃ
1813 3399 1950 3468 τινὶ

543 3514 923 3594 στείχοντας
956 3512 1050 3585 είς
1076 3499 1221 3572 τόδ’
1256 3499 1541 3591 ἄντρον,
1574 3499 1750 3586 ἀμφὶ
1778 3496 1843 3569 δ’
1878 3495 2114 3584 αὐχέσι
