2534 3917
184 3211 293 3272 lo.

978 191 1442 250 ΦΟΙΝΙΣΣΛΙ
2044 189 2172 252 439

395 356 662 429 τοσαῦτ’
703 361 913 440 ἔλεξε·
944 355 1061 438 σὸς
1088 358 1163 427 δὲ
1193 363 1616 446 Πολυνείκης
1640 356 1841 445 γόνος
2038 377 2171 432 1236

396 465 470 531 ἐκ
498 461 749 543 τάξεων
778 456 1036 550 ῶρουσε
1062 456 1348 549 κάπῄνει
1377 459 1639 547 λόγους.

396 562 637 644 πάντες
666 559 732 631 δ’
769 560 1240 652 ἐπερρόθησαν
1260 558 1549 651 Ἀργεῖοι
1575 560 1738 631 τάδε

398 664 681 752 Κάδμον
708 691 779 734 τε
807 661 967 744 λαὸς
996 660 1085 744 ῶς
1112 659 1320 733 δίκαι’
1352 659 1738 752 ἡγούμενοι.

394 767 503 835 ἐπὶ
534 771 757 836 τοῖσδε
790 763 855 835 δ’
889 768 1311 853 ἐσπείσαντο,
1343 761 1472 834 κάν
1497 771 1905 854 μεταιχμίοις
2035 781 2170 835 1240

392 863 637 959 ὅρκους
666 875 979 956 συνῆψαν
1005 871 1316 957 ἐμμενεῖν
1343 866 1803 956 στρατηλάται.

393 965 522 1057 ἤδη
550 966 623 1038 δ’
654 976 989 1061 ἔκρυπτον
1021 975 1210 1058 σῶμα
1236 969 1643 1058 παγχάλκοις
1670 965 1899 1050 ὅπλοις

392 1073 610 1140 δισσοὶ
643 1074 953 1160 γε’ροντος
985 1076 1278 1141 Οἰδίπου
1304 1077 1602 1141 νεανίαι·

398 1179 586 1260 φίλοι
621 1170 689 1241 δ’
722 1171 1089 1261 ἐκόσμουν,
1125 1177 1328 1259 τῆσδε
1353 1173 1479 1260 μὲν
1505 1171 1766 1262 πρόμον
1794 1168 2046 1261 χθονὸς

396 1281 715 1363 σπαρτῶν
739 1272 1042 1364 ἀριστῆς,
1094 1271 1218 1344 τὸν
1244 1274 1322 1343 δὲ
1347 1279 1717 1344 Δαναϊδῶν
1743 1270 1957 1362 ἄκροι.
2043 1290 2172 1342 1245

396 1378 642 1462 στήτην
672 1378 747 1445 δὲ
776 1379 1055 1463 λαμπρῶ
1086 1377 1320 1463 χρῶμά
1346 1377 1407 1443 τ’
1437 1375 1564 1444 οὐκ
1591 1375 1966 1463 ἠλλαξάτην

392 1475 734 1565 μαργῶντ’
773 1475 880 1548 ἐπ’
910 1475 1300 1566 ἀλλήλοισιν
1328 1479 1501 1546 ἰέναι
1530 1476 1722 1568 δόρυ.

397 1578 821 1668 παρεξιόντες
850 1576 918 1648 δ’
947 1575 1146 1661 ἄλλος
1170 1575 1466 1650 ἄλλοθεν
1494 1585 1718 1667 φίλων

395 1679 651 1765 λόγοισι
678 1685 1143 1766 θαρσύνοντες
1188 1685 1494 1768 ἐξηύδων
1546 1680 1735 1749 τάδε·

395 1780 839 1868 Πολύνεικες,
869 1784 944 1850 ἐν
971 1781 1079 1849 σοὶ
1103 1777 1322 1868 Ζηνὸς
1351 1777 1654 1869 ὀρθῶσαι
1683 1783 1921 1869 βρέτας
2038 1797 2176 1848 1250

398 1881 720 1972 τρόπαιον
740 1879 973 1972 ’Ἀργει
1001 1878 1061 1950 τ’
1095 1878 1339 1952 εὐκλεᾶ
1365 1886 1604 1951 δοῦναι
1633 1881 1836 1970 λόγον
1853 1904 1869 1919 ·

391 1979 730 2054 Ἐτεοκλέα
758 1981 818 2052 δ’
846 1975 938 2053 αὖ
954 2005 969 2020 ·
1032 1985 1120 2054 σύ
1162 1982 1421 2064 πόλεως
1445 1979 1870 2073 ὑπερμαχεῖς,

400 2090 488 2156 σύ
535 2094 919 2167 καλλίνικος
962 2085 1322 2174 γενόμενος
1349 2084 1709 2177 σκήπτρων
1733 2084 1983 2174 κράτει.

397 2183 545 2257 τάδ’
579 2183 913 2277 ἠγόρευον
940 2193 1488 2278 παρακαλοῦντες
1517 2193 1610 2268 είς
1634 2186 1872 2276 μάχην.

400 2288 666 2375 μάντεις
694 2289 769 2358 δὲ
794 2285 950 2378 μῆλ’
988 2296 1308 2377 ἔσφαζον,
1341 2288 1683 2380 ἐμπύρους
1706 2285 1769 2357 τ’
1801 2285 2014 2377 ἀκμὰς
2044 2305 2176 2356 1255

399 2389 613 2476 ῥήξεις
638 2387 698 2458 τ’
732 2390 1011 2478 ἐνώμων
1038 2387 1356 2482 ὑγρότητ’
1388 2395 1702 2462 ἐναντίαν

398 2487 613 2581 ἄκραν
638 2517 711 2560 τε
738 2489 1057 2579 λαμπάδ’,
1086 2489 1132 2579 ἢ
1158 2497 1357 2563 δυοῖν
1384 2488 1586 2582 ὅρους
1613 2499 1768 2580 ἔχει,
1863 2553 1875 2566 .

400 2599 593 2679 νίκης
618 2619 691 2660 τε
716 2599 893 2680 σῆμα
919 2593 1034 2662 καὶ
1058 2589 1135 2663 τὸ
1165 2600 1304 2662 τῶν
1327 2590 1754 2681 ἡσσωμένων.

398 2690 547 2763 ἀλλ’
586 2703 655 2764 εἴ
679 2690 807 2763 τιν’
841 2690 1055 2782 ἀλκὴν
1080 2689 1126 2783 ἦ
1152 2692 1411 2783 σοφοὺς
1438 2700 1607 2782 ἔχεις
1634 2689 1894 2782 λόγους

397 2790 443 2883 ἦ
474 2793 702 2886 φίλτρ’
740 2799 1059 2888 ἐπῳδῶν,
1094 2792 1325 2884 στεῖχ’,
1354 2795 1682 2885 ἐρήτυσον
1707 2799 1908 2866 τέκνα
2042 2812 2179 2866 1260

398 2901 625 2986 δεινῆς
653 2893 967 2986 ἁμίλλης,
1002 2894 1090 2980 ὥς
1117 2893 1154 2967 ὁ
1182 2902 1507 2978 κίνδυνος
1533 2899 1738 2987 μέγας

397 2998 538 3082 [καὶ
565 2993 785 3066 τᾶθλα
814 3002 1004 3068 δεινά
1017 3024 1032 3038 ·
1075 3002 1342 3088 δάκρυά
1370 3019 1477 3069 σοι
1505 3007 1857 3092 γενήσεται

398 3106 662 3170 δισσοῖν
688 3107 993 3191 στερείσῃ
1020 3098 1169 3192 τῇδ’
1201 3103 1278 3170 ἐν
1303 3097 1518 3194 ἡμέρᾳ
1544 3098 1845 3190 τέκνοιν].

396 3194 451 3270 a}
480 3205 718 3272 τέκνον
745 3200 992 3290 ἔξελθ’,
1015 3200 1398 3292 Ἀντιγόνη,
1429 3203 1660 3292 δόμων
1678 3204 1917 3294 πάρος·

399 3299 527 3372 οὐκ
553 3307 630 3373 ἐν
652 3309 942 3394 χορείαις
968 3301 1131 3373 οὐδὲ
1158 3306 1668 3397 παρθενεύμασι
2029 3321 2178 3374 -1265

401 3411 533 3474 νῦν
562 3426 669 3475 σοι
698 3419 1039 3494 προχωρεῖ
1059 3407 1401 3494 δαιμόνων
1427 3407 1842 3494 κατάστασις,

401 3503 549 3576 ἀλλ’
582 3503 776 3597 ἄνδρ’
808 3503 1055 3597 ἀρίστω
1084 3511 1199 3576 καὶ
1222 3508 1604 3596 κασιγνήτω
1630 3511 1836 3578 σέθεν
