2534 3917
757 197 1216 258 ΙΦΙΓΕΝΕΙΑ
1262 196 1331 252 Η
1363 196 1484 253 ΕΝ
1524 193 1839 252 ΑΤΛΙΔΙ

539 366 770 455 πρῶτη
798 361 862 435 σ’
905 364 1190 435 ἐκάλεσα
1219 363 1473 453 πατέρα
1498 360 1727 431 καὶσὺ
1756 358 1945 432 παῖδ’
1978 364 2125 450 ἐμέ·
2192 383 2333 436 1220

544 468 774 557 πρῶτη
803 466 882 536 δὲ
905 464 1147 555 γόνασι
1175 480 1351 534 σοῖσι
1377 470 1571 553 σῶμα
1597 460 1793 533 δοῦσ’
1828 462 1991 552 ἐμὸν

539 577 744 659 φίλας
768 568 1041 658 χάριτας
1069 572 1291 637 ἔδωκα
1316 561 1835 654 κάντεδεξάμην.

539 672 737 759 λόγος
768 668 837 739 δ’
871 667 908 740 ὃ
936 671 1061 759 μὲν
1089 668 1205 750 σὸς
1233 660 1323 757 ἦν
1357 664 1466 737 δ’δ’
1486 690 1501 705 ·
1533 658 1667 757 ἆρά
1693 665 1791 755 α’,
1823 660 1878 736 ῶ
1904 670 2166 757 τέκνον,

545 769 895 861 εὐδαίμον’
929 768 1176 861 ἀνδρὸς
1203 773 1279 840 έν
1306 770 1615 858 δόμοισιν
1642 766 1914 857 ὄψομαι,

541 876 758 958 ζῶσάν
783 900 857 944 τε
885 877 1001 944 καὶ
1027 872 1423 943 θάλλουσαν
1452 868 1650 954 ἀξίως
1679 874 1881 960 ἐμοῦς
2190 891 2330 944 1225

542 973 753 1063 οὑμὸς
783 974 850 1045 δ’
881 971 992 1046 ὅδ’
1022 965 1111 1063 ἦν
1138 965 1229 1043 αὖ
1255 975 1413 1066 περὶ
1438 972 1563 1043 σὸν
1590 976 2044 1064 ἐξαρτωμένης

538 1080 835 1167 γένειον,
867 1068 956 1145 οὗ
979 1083 1114 1146 νῦν
1140 1073 1573 1163 ἀντιλάζυμαι
1602 1083 1783 1164 χερί·

539 1187 611 1248 τί
632 1176 698 1248 δ’
733 1171 833 1271 ἆρ’
865 1177 996 1267 έγῶ
1024 1180 1137 1264 σέ,
1167 1181 1473 1267 πρέσβυν
1498 1168 1608 1267 ἆρ’
1643 1179 2017 1265 εἰσδέξομαι

540 1285 720 1369 ἐμῶν
749 1288 1056 1370 φίλαισιν
1082 1276 1449 1367 ὑποδοχαῖς
1478 1278 1739 1367 δόμων,
1773 1278 2004 1369 πάτερ,

540 1383 771 1453 πόνων
798 1380 1126 1471 τιθηνοὺς
1155 1378 1575 1450 ἀποδιδοῦσά
1603 1402 1712 1450 σοι
1739 1380 2030 1471 τροφάς;
2191 1397 2326 1452 1230

541 1484 803 1554 τούτων
832 1484 964 1573 έγῶ
993 1484 1117 1572 μὲν
1143 1490 1282 1551 τῶν
1308 1482 1532 1570 λόγων
1557 1482 1827 1571 μνήμην
1856 1490 2005 1569 ἔχω,

541 1584 628 1654 σύ
649 1582 716 1654 δ’
749 1589 1162 1673 ἐπιλέλησαι,
1192 1591 1317 1653 καί
1336 1581 1410 1672 μ’
1442 1580 1832 1654 ἀποκτεῖναι
1859 1586 2103 1664 θέλεις.

542 1684 631 1775 μὴ
665 1686 832 1777 πρός
856 1707 933 1756 σε
959 1689 1264 1765 Πέλοπος
1292 1684 1594 1775 καὶπρὸς
1616 1682 1896 1775 Ἀτρέως
1923 1683 2170 1774 πατρὸς

539 1791 654 1858 καὶ
674 1794 878 1875 τῆσδε
905 1786 1184 1879 μητρός,
1213 1782 1260 1875 ἢ
1287 1789 1450 1876 πρὶν
1478 1784 1801 1857 ῶδίνουσ’
1834 1787 1949 1874 ἐμὲ

544 1897 677 1960 νῦν
706 1893 1036 1981 δευτέραν
1063 1886 1277 1960 ὠδῖνα
1302 1889 1506 1977 τήνδε
1532 1889 1877 1978 λαμβάνει.
2187 1907 2326 1960 1235

541 2000 614 2062 τί
631 2022 744 2083 μοι
771 1996 1032 2083 μέτεστι
1058 1998 1198 2062 τῶν
1231 1988 1675 2080 Ἀλεξάνδρου
1700 1990 1934 2080 γάμων

534 2090 798 2183 Ἑλένης
825 2124 934 2178 τες
963 2094 1182 2165 πόθεν
1206 2084 1371 2181 ἦλθ’
1403 2090 1509 2163 ἐπ’
1542 2088 1808 2184 ὀλέθρῳ
1835 2089 2055 2185 τώμῷ,
2078 2090 2322 2181 πάτερ;

541 2198 794 2282 βλέψον
823 2194 990 2286 πρὸς
1016 2192 1219 2283 ἡμᾶς,
1249 2190 1429 2281 ὄμμα
1457 2193 1574 2274 δὸς
1601 2194 1860 2283 φίλημά
1885 2220 1978 2279 τε,

544 2292 638 2365 ἵν’
671 2292 840 2366 ἀλλὰ
867 2304 1065 2366 τοῦτο
1092 2291 1509 2366 κατθανοῦσ’
1543 2302 1669 2383 ἔχω
1696 2298 1903 2365 σέθεν

545 2410 915 2485 [μνημεῖον,
933 2404 997 2467 εί
1017 2396 1107 2487 μὴ
1134 2412 1271 2479 τοῖς
1297 2400 1476 2484 ἐμοῖς
1506 2410 1795 2490 πεισθῇς
1834 2404 2116 2487 λόγοις].
2188 2413 2322 2466 1240

546 2496 832 2586 ἀδελφέ,
860 2498 1096 2591 μικρὸς
1122 2500 1246 2588 μὲν
1274 2498 1362 2568 σύ
1388 2494 1458 2586 γ’
1488 2502 1846 2589 ἐπίκουρος
1872 2506 2117 2587 φίλοις,

544 2596 723 2688 ὅμως
749 2603 827 2671 δὲ
853 2602 1357 2693 συνδάκρυσον,
1388 2602 1732 2671 ἱκέτευσον
1759 2598 2008 2690 πατρὸς

545 2702 669 2792 τὴν
696 2702 824 2793 σὴν
851 2700 1158 2793 ἀδελφὴν
1183 2702 1275 2791 μὴ
1302 2714 1579 2772 θανεῖν·
1609 2700 1909 2791 αἴσθημά
1947 2729 2051 2771 τοι

544 2801 674 2874 κάν
699 2813 964 2893 νηπίοις
991 2834 1070 2893 γε
1095 2812 1233 2875 τῶν
1259 2809 1492 2873 κακῶν
1516 2808 1917 2892 ἐγγίγνεται.

546 2904 700 2974 ἰδοὺ
728 2913 1003 2975 σιωπῶν
1030 2911 1336 2975 λίσσεταί
1368 2902 1433 2974 σ’
1464 2901 1599 2991 ὅδ’,
1630 2897 1687 2973 ῶ
1714 2905 1943 2995 πάτερ.
2188 2921 2328 2975 1245

547 3002 694 3073 ἀλλ’
728 3010 998 3074 αἴδεσαί
1029 3034 1111 3093 με
1138 3009 1252 3076 καὶ
1278 3013 1735 3097 κατοίκτειρον
1759 3014 1933 3095 βίον.

543 3112 690 3191 ναί,
720 3103 887 3195 πρὸς
913 3114 1182 3193 γενείου
1211 3104 1276 3177 σ’
1309 3104 1692 3195 ἀντόμεσθα
1718 3109 1846 3178 δύο
1876 3114 2055 3196 φίλω
2072 3128 2089 3147 ·

545 3202 590 3277 δ’
610 3206 735 3294 μὲν
761 3207 1034 3289 νεοσσός
1060 3212 1275 3297 ἐστιν,
1304 3206 1347 3298 ἣ
1374 3206 1442 3277 δ’
1470 3206 1831 3299 ηὐξημένη.

546 3303 626 3377 ἓν
654 3316 1076 3396 συντεμοῦσα
1103 3310 1320 3380 πάντα
1332 3310 1600 3398 ,νικήσω
1630 3312 1833 3400 λόγον
1850 3335 1864 3349 ·

545 3406 620 3477 τὸ
651 3415 796 3497 φῶς
822 3408 967 3480 τόδ’
1001 3409 1468 3503 ἀνθρώποισιν
1498 3407 1774 3503 ἥδιστον
1814 3416 2115 3501 βλέπειν,
2190 3428 2330 3483 1250
2402 3446 2407 3450 ·
