2534 3917
317 227 451 290 426

334 813 507 874 ΤΕΙ.

338 1931 473 1991 ΚΡ.

344 2338 515 2397 ΤΕΙ.

338 2439 405 2498 Κ
406 2439 473 2498 Ρ.

1126 224 1592 284 ΦΟΙΝΙΣΣΑΙ

558 395 888 484 μυριάδας
921 389 987 462 δ’
1024 388 1310 482 άγαθῶν
1325 396 1570 476 ἑτέροις
1591 396 1735 463 ἕτέ-
2249 411 2344 466 836

559 527 682 588 ρας
730 499 1257 584 μεταμειβομένα
1287 493 1478 576 πόλις
1505 491 1616 564 ἅδ’
1651 491 1759 564 ἐπ’
1793 492 1875 562 ἅ-

563 625 750 689 κροις
776 602 1054 669 ἕστακεν
1082 595 1278 687 Ἀρῄ-

564 729 663 782 οις
697 699 1149 790 στεφάνοισιν.

561 799 735 892 ἡγοῦ
764 801 1051 892 πάροιθε
1069 854 1089 888 ,
1121 801 1456 890 θύγατερ·
1491 795 1578 882 ὥς
1605 805 1841 892 τυφλῷ
1871 800 2030 868 ποδὶ

562 902 915 993 ὀφθαλμὸς
944 902 1006 973 εἷ
1028 903 1147 992 σύ,
1178 902 1621 990 ναυβάταισιν
1645 898 1893 991 ἄστρον
1921 897 2044 980 ῶς·
2249 916 2348 971 835

564 1003 757 1096 δεῦρ’
796 1013 890 1087 εἰς
917 1005 991 1074 τὸ
1021 1003 1271 1094 λευρὸν
1296 1007 1504 1074 πέδον
1532 1013 1714 1091 ἴχνος
1740 999 1984 1072 τιθεϊσ’
2020 1002 2206 1090 ἐμόν,

563 1107 888 1197 πρόβαινε
905 1159 925 1195 ,
953 1103 1043 1196 μὴ
1072 1113 1467 1195 σφαλῶμεν·
1501 1102 1798 1193 ἀσθενὴς
1825 1104 2044 1194 πατήρ
2061 1128 2074 1141 ·

566 1210 858 1300 κλήρους
884 1211 959 1279 τέ
982 1237 1096 1297 μοι
1124 1209 1430 1298 φύλασσε
1458 1211 1780 1300 παρθένῳ
1806 1213 1974 1296 χερί,

563 1309 682 1393 οὓς
711 1319 957 1398 ἔλαβον
986 1307 1376 1399 οἰωνίσματ’
1410 1306 1720 1397 ὀρνίθων
1745 1307 1993 1396 μαθῶν

564 1414 882 1484 θάκοισιν
912 1416 988 1483 ἐν
1019 1419 1333 1502 ἱεροῖσιν,
1366 1402 1450 1482 οῦ
1476 1410 1910 1500 μαντεύομαι.
2247 1428 2346 1482 840

565 1518 802 1584 τέκνον
828 1523 1211 1600 Μενοικεῦ,
1242 1527 1369 1583 παῖ
1391 1516 1758 1603 Κρέοντος,
1791 1515 1940 1581 εἰπέ
1961 1540 2077 1600 μοι

567 1615 737 1703 πόση
772 1642 871 1696 τις
897 1611 939 1702 ἡ
973 1612 1308 1696 ’πίλοιπος
1340 1611 1589 1696 ἄστεως
1615 1612 1773 1695 ὁδὸς

566 1714 731 1808 πρὸς
758 1719 1010 1807 πατέρα
1039 1715 1158 1787 τὸν
1186 1716 1308 1788 σόν
1324 1740 1339 1754 ·
1377 1714 1468 1799 ῶς
1493 1715 1658 1805 έμόν
1684 1714 1923 1805 κάμνει
1951 1716 2144 1804 γόνυ,

566 1819 834 1909 πυκνὴν
860 1821 936 1890 δὲ
962 1827 1222 1909 βαίνων
1250 1815 1495 1906 ἤλυσιν
1520 1816 1709 1907 μόλις
1734 1826 1941 1909 περῶ.

562 1921 835 2011 θάρσει·
867 1924 1069 2003 πέλας
1095 1921 1221 2010 γάρ
1240 1973 1259 2008 ,
1304 1929 1644 2011 Τειρεσία,
1676 1927 1933 2010 φίλοισι
1965 1937 2108 2000 σοῖς
2251 1935 2351 1989 845

562 2027 896 2111 ἐξορμίσαι
942 2022 1066 2093 σὸν
1094 2023 1268 2092 πόδα
1287 2045 1302 2060 ·
1338 2029 1553 2109 λαβοῦ
1582 2020 1655 2092 δ’
1689 2019 1926 2108 αὐτοῦ,
1957 2025 2229 2090 τέκνου·

570 2121 658 2206 ῶς
686 2122 839 2196 πᾶσ’
876 2122 1097 2216 ἀπήνη
1128 2124 1297 2206 πούς
1325 2151 1399 2194 τε
1427 2123 1814 2215 πρεσβύτου
1841 2133 2024 2212 φιλεῖ

566 2226 787 2318 χειρὸς
812 2235 1107 2317 θυραίας
1134 2225 1497 2314 ἀναμένειν
1525 2233 1975 2314 κουφίσματα.

574 2328 741 2417 εἷεν,
773 2327 1113 2420 πάρεσμεν
1137 2352 1152 2366 ·
1190 2337 1261 2396 τί
1282 2355 1364 2416 με
1392 2337 1616 2410 καλεῖς
1645 2334 1933 2418 σπουδῇ,
1964 2331 2225 2415 Κρέον;

564 2427 753 2499 οὔπω
782 2426 1146 2517 λελήσμεθ’
1166 2457 1181 2472 ·
1214 2425 1384 2497 ἀλλὰ
1410 2430 1720 2513 σύλλεξαι
1746 2433 1989 2510 σθένος
2251 2445 2350 2499 850

466 2572 473 2578 ·
572 2532 685 2600 καὶ
715 2527 958 2618 πνεῦμ’
996 2528 1358 2622 ἄθροισον,
1387 2531 1583 2614 αἶπος
1609 2531 1916 2620 ἐκβαλών
1943 2526 2134 2601 ὁδοῦ.

344 2641 516 2703 ΤΕΙ.

343 3251 474 3311 KP.

567 2631 753 2726 κόπῳ
786 2647 1103 2725 παρεῖμαι
1138 2640 1310 2721 γοῦν
1336 2630 1784 2725 Ἐρεχθειδῶν
1811 2631 1941 2703 ἄπο

570 2732 763 2825 δεῦρ’
797 2737 1222 2825 ἐκκομισθεὶς
1248 2743 1364 2825 τῆς
1391 2735 1726 2827 πάροιθεν
1753 2731 2002 2825 ἡμέρας
2018 2757 2032 2772 ·

570 2835 768 2907 κάκεῖ
789 2837 917 2927 γὰρ
946 2830 1033 2926 ἦν
1060 2866 1160 2919 τις
1187 2836 1472 2925 πόλεμος
1497 2834 1870 2925 Εὐμόλπου
1899 2836 2121 2926 δορός,

570 2929 655 3007 οὗ
681 2947 1110 3021 καλλινίκους
1135 2943 1561 3028 Κεκροπίδας
1589 2936 1785 3027 ἔθηκ’
1819 2937 1950 3026 ἐγώ
1968 2961 1982 2973 ·
2252 2953 2350 3010 855

568 3040 682 3110 καὶ
709 3037 907 3108 τόνδε
932 3045 1235 3128 χρυσοῦν
1262 3042 1632 3128 στέφανον,
1670 3037 1759 3121 ὥς
1791 3037 1985 3130 ὁρᾷς,
2018 3047 2147 3127 ἔχω

570 3138 799 3227 λαβών
832 3136 1130 3227 ἀπαρχὰς
1158 3146 1498 3226 πολεμίων
1533 3140 2033 3229 σκυλευμάτων.

568 3239 814 3313 οἰωνὸν
844 3243 1096 3329 ἐθέμην
1124 3247 1478 3310 καλλίνικα
1504 3240 1590 3310 σὰ
1621 3245 1830 3330 στέφη
1850 3265 1864 3278 ·

575 3347 648 3415 ἐν
675 3343 804 3433 γὰρ
833 3341 1134 3414 κλύδωνι
1162 3341 1456 3432 κείμεθ’,
1485 3339 1710 3431 ὥσπερ
1742 3343 1946 3413 οἶσθα
1980 3343 2090 3430 σύ,

571 3444 771 3531 δορὸς
797 3451 1198 3532 Δαναϊδῶν,
1228 3447 1344 3514 καὶ
1370 3447 1573 3532 μέγας
1601 3444 1854 3533 Θήβαις
1884 3441 2088 3531 ἀγών.
2246 3461 2346 3514 860

564 3544 881 3629 βασιλεὺς
908 3546 1031 3632 μὲν
1060 3537 1186 3614 οὖν
1215 3547 1460 3632 βέβηκε
1494 3548 1858 3632 κοσμηθεὶς
1887 3543 2118 3624 ὅπλοις
