2534 3917
275 133 404 200 324

276 1942 414 2005 XO.

273 3238 406 3299 PH.

1148 139 1427 199 ΡΗΣΟΣ

512 300 636 395 οὐχ
663 303 752 388 ὥς
781 305 869 375 σύ
899 320 1176 393 κομπεῖς
1202 304 1317 385 τὰς
1346 304 1504 394 ἐμὰς
1534 302 1921 396 ἀμύστιδας,

506 405 658 477 οὐδ’
699 412 773 477 ἐν
804 407 1148 496 ζαχρύσοις
1179 407 1484 495 δώμασιν
1513 408 1947 496 κοιμώμενος,

506 506 642 579 ἀλλ’
677 504 786 579 οἷα
813 509 1062 579 πόντον
1089 508 1387 598 Θρῄκιον
1416 510 1777 598 φυσήματα
2196 531 2303 585 440

443 702 451 708 ὓ
504 612 1102 703 κρυσταλλόπηκτα
1129 611 1429 691 Παίονάς
1456 608 1519 679 τ’
1554 614 1876 703 ἐπεζάρει,

503 713 632 796 ξὺν
657 711 868 783 τοῖσδ’
902 711 1161 795 ἄυπνος
1189 712 1343 783 οἶδα
1370 711 1526 793 τλάς
1554 716 1999 803 πορπάμασιν.

505 812 656 884 ἀλλ’
691 812 969 905 ὕστερος
1004 816 1129 903 μὲν
1157 806 1411 904 ἦλθον,
1442 820 1517 884 ἐν
1546 824 1759 909 καιρῷ
1794 815 1861 887 δ’
1897 814 2111 905 ὅμως·
2224 864 2233 871 -

504 915 592 987 σύ
623 916 750 1003 μὲν
775 916 904 1006 γὰρ
931 916 1060 1005 ἤδη
1091 920 1371 988 δέκατον
1399 918 1728 1005 αἰχμάζεις
1758 927 1899 1001 ἔτος

506 1014 757 1087 κούδὲν
784 1026 1156 1106 περαίνεις,
1185 1016 1443 1109 ἡμέραν
1473 1018 1537 1089 δ’
1574 1024 1638 1103 ἐξ
1667 1018 1915 1112 ἡμέρας
2189 1041 2292 1095 445

505 1122 759 1209 ῥίπτεις
785 1120 1101 1209 κυβεύων
1129 1120 1249 1191 τὸν
1275 1120 1442 1211 πρὸς
1472 1118 1815 1211 Ἀργείους
1841 1121 2055 1216 ’Ἄρην
2073 1148 2088 1161 ·

498 1226 646 1311 ,ἐμοὶ
675 1222 751 1293 δὲ
778 1230 924 1311 φῶς
953 1219 1030 1293 ἓν
1056 1220 1254 1311 ἡλίου
1284 1226 1679 1312 καταρκέσει

502 1326 822 1412 πέρσαντι
853 1325 1158 1417 πύργους
1184 1326 1641 1414 ναυστάθμοις
1667 1330 2089 1397 ἐπεισπεσεῖν

501 1433 766 1495 κτεῖναί
796 1424 858 1495 τ’
891 1425 1220 1513 Ἀχαιούς·
1253 1431 1512 1519 θατέρᾳ
1539 1425 1605 1496 δ’
1638 1426 1756 1499 ἀπ’
1785 1427 1982 1499 Ἰλίου
2070 1504 2075 1509 ,

504 1526 671 1614 πρὸς
700 1526 890 1596 οἷκον
926 1526 1059 1614 εἶμι
1077 1580 1095 1612 ,
1128 1527 1481 1616 συντεμων
1506 1529 1663 1610 τούς
1692 1530 1853 1611 σούς
1880 1531 2154 1612 πόνους.
2184 1550 2295 1604 450

501 1625 699 1717 ὑμῶν
727 1629 804 1698 δὲ
830 1629 922 1717 μή
946 1657 1046 1709 τις
1081 1626 1312 1699 ἀσπίδ’
1348 1629 1585 1719 ἄρηται
1612 1639 1790 1721 χερί·

499 1728 630 1819 ἐγώ
659 1729 788 1821 γὰρ
817 1734 941 1814 ἔξω
974 1730 1133 1813 τοὺς
1159 1728 1313 1819 μέγ’
1346 1730 1719 1820 αὐχοῦντας
1746 1736 1899 1824 δορὶ

496 1836 745 1918 πέρσας
772 1830 1105 1922 Ἀχαιούς,
1134 1840 1378 1926 καίπερ
1404 1830 1682 1926 ὕστερος
1706 1835 1951 1923 μολών.

502 1932 580 2002 ἰαὶ
606 1936 705 2002 ἰώ.
2007 1953 2146 2020 στρ.

498 2038 661 2120 φίλα
688 2043 948 2120 θροεῖς,
979 2038 1171 2117 φίλος
1196 2030 1463 2100 Διόθεν
1486 2029 1573 2100 εἴ·
1621 2031 1833 2118 μόνον
2176 2049 2285 2102 455

501 2131 772 2217 φθόνον
794 2126 1050 2215 ἄμαχον
1071 2127 1325 2209 ὕπατος

501 2227 674 2308 Ζεύς
698 2231 889 2297 θέλοι
911 2223 1086 2313 ἀμφὶ

501 2339 641 2405 σοῖς
666 2326 968 2409 λόγοισιν
992 2333 1262 2412 εἴργειν.

504 2424 578 2489 τὸ
603 2424 676 2489 δὲ
699 2421 895 2489 νάιον
915 2419 1240 2509 Ἀργόθεν
1271 2424 1442 2507 δόρυ

497 2513 655 2586 οὔτε
679 2524 837 2605 πρίν
860 2515 988 2586 τιν’
1018 2516 1174 2587 οὔτε
1203 2524 1339 2588 νῦν
2179 2541 2287 2597 460

499 2615 774 2709 ἀνδρῶν
807 2616 1130 2707 ἐπόρευσε
1161 2620 1369 2690 σέθεν
1394 2627 1706 2709 κρείσσω.
1737 2627 1876 2701 πῶς
1903 2648 2016 2708 μοι

491 2717 790 2810 Ἀχιλεύς
815 2718 889 2790 τὸ
923 2719 1046 2790 σὸν
1077 2727 1264 2808 ἔγχος
1290 2718 1379 2791 ἂν
1413 2721 1714 2809 δύναιτο,

498 2830 639 2903 πῶς
674 2820 741 2891 δ’
772 2832 944 2903 Αἴας
971 2819 1367 2909 ὑπομεῖναις

501 2930 566 2992 εἰ
587 2921 715 3011 γὰρ
743 2922 873 3010 ἐγω
903 2920 1047 2991 τόδ’
1079 2915 1256 3010 ἦμαρ
1289 2923 1627 3013 εἰσίδοιμ’,
1655 2923 1843 3012 ἅναξ,

495 3021 628 3117 ὅτῳ
654 3022 1051 3111 πολυφόνου
2178 3042 2287 3098 465

493 3123 712 3214 χειρὸς
739 3121 1134 3196 ἀποινάσαιο
1162 3126 1388 3219 λόγχᾳ.

492 3235 767 3300 τοιαῦτα
793 3230 919 3317 μέν
949 3249 1053 3298 σοι
1085 3236 1200 3317 τῆς
1227 3237 1482 3321 μακρᾶς
1510 3228 1840 3311 ἀπουσίας

493 3335 736 3421 πρᾶξαι
764 3334 1022 3420 παρέξω
1042 3354 1056 3369 ·
1102 3330 1234 3402 σὺν
1263 3330 1329 3401 δ’
1358 3330 1747 3424 Ἀδραστείᾳ
1777 3338 1971 3420 λέγω,

887 3452 1085 3506 454-
1099 3452 1202 3507 466
1223 3470 1310 3498 ==
1334 3452 1649 3505 820--832
