2534 3917
1141 220 1421 279 ΡΗΣΟΣ
2136 218 2256 283 331

490 386 779 476 φύλαξιν
806 388 1234 474 ἐμπέπτωκεν
1265 382 1353 467 ὥς
1382 386 1786 457 κατάσκοποι

481 484 722 577 ἥκουσ’
755 484 1055 576 Ἀχαιῶν.
1087 480 1182 575 χῶ
1212 488 1337 575 μὲν
1367 484 1493 557 οὐκ
1523 487 1690 558 ἰδών
1716 492 1917 578 λέγει,

485 586 522 662 ὃ
556 587 623 660 δ’
657 587 929 660 εἰσιδών
954 590 1280 679 μολόντας
1307 586 1435 659 ούκ
1456 597 1588 678 ἔχει
1617 590 1889 679 φράσαι,

483 683 581 761 ὦν
632 695 837 763 εἵνεκ’
881 688 1082 773 εὐνὰς
1107 688 1375 780 ἤλυθον
1401 691 1568 782 πρὸς
1584 689 1915 783 Ἕκτορος.
2162 712 2263 766 660

252 803 395 864 ΑΘ.
474 794 687 882 μηδὲν
714 799 1054 883 φοβηθῇς·
1085 790 1290 863 οὐδὲν
1319 795 1393 862 έν
1418 800 1677 886 στρατῷ
1703 796 1893 864 νέον·
2286 808 2289 817 “

471 892 726 986 Ἕκτωρ
755 894 832 965 δὲ
859 900 1161 986 φροῦδος
1190 902 1423 986 Θρῇκα
1452 896 1791 984 κοιμήσων
1816 896 2119 988 στρατόν.

248 1005 403 1066 ΠΛ.
485 998 576 1067 σύ
609 1004 718 1068 τοί
738 1025 820 1086 με
848 1003 1144 1084 πείθεις,
1172 1012 1314 1077 σοῖς
1344 998 1419 1067 δὲ
1447 997 1785 1067 πιστεύων
1810 997 2033 1086 λόγοις

486 1099 670 1183 τάξιν
698 1098 1016 1189 φυλάξων
1044 1095 1177 1187 εἴμ’
1211 1098 1570 1190 ἐλεύθερος
1598 1099 1839 1189 φόβου.

253 1210 396 1273 ΑΘ.
477 1202 713 1290 χώρει·
747 1204 974 1289 μέλειν
1000 1199 1129 1289 γὰρ
1160 1198 1354 1270 πάντ’
1393 1203 1540 1289 ἐμοὶ
1569 1202 1755 1271 δόκει
1783 1198 1864 1269 τὰ
1893 1200 1997 1288 σά,
2158 1218 2259 1272 665

486 1301 642 1374 ὥστ’
685 1299 1136 1391 εὐτυχοῦντας
1167 1302 1551 1391 συμμάχους
1578 1301 1781 1391 έμούς
1808 1298 1995 1392 ὁρᾶν.

479 1406 726 1495 γνώσει
760 1406 836 1474 δὲ
864 1407 978 1474 καὶ
1009 1402 1098 1473 σύ
1125 1403 1248 1493 τὴν
1284 1403 1449 1493 ἐμὴν
1476 1411 1889 1495 προθυμίαν.

484 1505 657 1595 ὑμᾶς
683 1503 748 1576 δ’
783 1504 966 1577 άυτῶ
992 1505 1150 1587 τοὺς
1178 1503 1349 1594 ἄγαν
1374 1508 1816 1596 ἐρρωμένους,

479 1617 814 1699 Λαερτίου
845 1623 995 1696 παῖ,
1023 1606 1244 1696 θηκτὰ
1271 1615 1567 1697 κοιμίσαι
1592 1610 1775 1696 ξίφη.

485 1726 698 1782 κεῖται
734 1709 861 1800 γὰρ
896 1706 1056 1800 ἡμῖν
1085 1710 1371 1801 Θρῄκιος
1398 1710 1865 1799 στρατηλάτης,
2160 1724 2264 1779 670

483 1819 673 1883 ἵπποι
702 1810 763 1881 τ’
805 1820 1100 1900 ἔχονται,
1129 1814 1431 1899 πολέμιοι
1460 1807 1526 1879 δ’
1560 1808 1935 1901 ᾐσθημένοι

488 1911 780 2005 χωροῦσ’
815 1911 925 2002 ἐφ’
958 1911 1160 2001 ὑμᾶς·
1191 1909 1339 1981 ἀλλ’
1372 1908 1535 1981 ὅσον
1558 1912 1825 2001 τάχιστα
1852 1909 1978 2001 χρὴ

483 2015 767 2106 φεύγειν
791 2014 958 2105 πρὸς
990 2012 1230 2097 ὁλκούς
1258 2012 1733 2103 ναυστάθμων.
1763 2022 1834 2085 τί
1865 2016 2135 2102 μέλλετε

484 2126 783 2208 σκηπτοῦ
817 2115 1110 2199 ’πιόντος
1137 2124 1475 2205 πολεμίων
1502 2118 1736 2201 σώζειν
1762 2121 1947 2201 βίον;

261 2233 429 2295 ΗΜ.
480 2229 556 2293 ἔα
587 2228 693 2292 ἔα·

484 2324 646 2413 βάλε
676 2323 840 2412 βάλε
865 2321 1027 2411 βάλε
1054 2321 1241 2410 βάλε,
2161 2334 2261 2389 675

485 2428 651 2496 θένε
681 2427 876 2495 θένε·
909 2432 1008 2505 τίς
1034 2420 1139 2493 ὅδ’
1175 2421 1383 2512 άνήρ;

484 2526 829 2614 λεύσσετε,
860 2532 1102 2597 τοῦτον
1127 2523 1340 2595 αὐδῶ.

483 2637 742 2711 κλῶπες
772 2633 1013 2708 οἵτινες
1047 2624 1196 2696 κατ’
1233 2623 1502 2716 ὄρφνην

482 2732 682 2801 τόνδε
712 2737 979 2800 κινοῦσι
1003 2728 1307 2819 στρατόν.

486 2839 692 2923 δεῦρο
721 2839 926 2922 δεῦρο
958 2837 1104 2913 πᾶς.
2162 2842 2265 2897 680

486 2932 725 3005 τούσδ’
761 2941 919 3023 ἔχω,
967 2932 1201 3001 τούσδ’
1253 2936 1536 3020 ἔμαρψα.

488 3044 587 3117 τίς
617 3034 653 3107 ὃ
687 3037 916 3124 λόχος;
948 3035 1166 3105 πόθεν
1195 3040 1386 3122 ἔβας;
1416 3030 1716 3113 ποδαπὸς
1745 3029 1806 3100 εἶ
1823 3062 1842 3115 3

257 3148 402 3209 OA.
501 3136 586 3209 οὔ
626 3160 701 3209 σε
742 3136 868 3229 χρὴ
909 3140 1187 3208 εἰδέναι·
1257 3147 1465 3205 θανεῑ
1510 3133 1637 3225 γὰρ
1681 3133 1972 3224 σήμερον
2016 3131 2265 3222 δράσας

1170 3266 1410 3319 κακως.

260 3350 423 3413 ΗΜ.
486 3340 613 3412 οὐκ
643 3345 814 3433 ἐρεῖς
839 3342 1181 3430 ξύνθημα,
1212 3340 1461 3428 λόγχην
1492 3340 1654 3430 πρὶν
1681 3336 1794 3407 διὰ
1820 3339 2116 3428 στέρνων
2141 3362 2265 3423 μον

1174 3452 1357 3524 actm

261 3555 401 3614 ΟΔ.
487 3556 666 3615 ἴστω.
698 3545 960 3636 θάρσει.
995 3547 1158 3616 ΗΜ.
1189 3546 1389 3625 πέλας
1418 3551 1544 3612 ἴθι.
1576 3557 1730 3611 παῖε
1758 3549 1904 3622 πᾶς.
2161 3553 2263 3609 685
