2534 3917
1069 187 1213 244 ΜΗ
1217 189 1425 246 ΔΕΙΑ
2142 192 2265 255 203

483 333 764 442 ζηλῶτὸς
791 350 958 422 αἰών
976 373 991 388 ·
1028 357 1094 421 εί
1116 353 1192 422 δὲ
1215 353 1308 442 μη’
1320 406 1339 441 ,
1370 365 1614 426 θανεῖν
1639 358 1877 448 χρεών.

485 451 660 546 ἀνὴρ
689 451 753 524 δ’
790 449 953 524 ὅταν
979 468 1116 534 τοῖς
1144 461 1344 525 ἔνδον
1373 453 1660 546 ἅχθηται
1688 461 1934 549 ξυνών,

489 559 612 640 ἔξω
640 555 866 644 μολών
895 562 1145 626 ἔπαυσε
1170 561 1459 648 καρδίαν
1492 556 1677 648 ἄσης,
2162 580 2263 634 245

487 653 533 746 ἦ
562 656 728 749 πρὸς
756 665 963 746 φίλον
989 655 1120 727 τιν’
1151 653 1196 748 ἦ
1225 656 1392 748 πρὸς
1419 657 1653 747 ἥλικας
1682 670 1987 753 τραπείς·

487 757 648 848 ἡμῖν
676 756 741 829 δ’
779 756 1036 848 ἀνάγκη
1065 759 1231 851 πρὸς
1258 767 1423 847 μίαν
1449 761 1677 851 ψυχὴν
1704 767 1998 852 βλέπειν.

488 863 758 948 λέγουσι
786 858 853 930 δ’
882 858 1052 950 ἡμᾶς
1081 858 1170 944 ῶς
1196 860 1571 934 ἀκίνδυνον
1596 873 1756 953 βίον

487 969 699 1051 ζῶμεν
725 961 872 1032 κατ’
906 973 1133 1045 οἴκους
1150 1016 1168 1051 ,
1202 959 1268 1035 οἳ
1297 964 1373 1034 δὲ
1399 963 1774 1057 μάρνανται
1805 973 1991 1058 δορί·

487 1071 708 1145 κακῶς
737 1071 1179 1156 φρονοῦντες·
1212 1061 1301 1145 ῶς
1328 1068 1472 1156 τρὶς
1500 1063 1585 1137 ἂν
1613 1065 1771 1158 παρ’
1808 1066 2058 1139 ἀσπίδα
2163 1087 2265 1140 250
2303 1140 2311 1148 ,

492 1174 726 1254 στῆναι
755 1163 1020 1254 θέλοιμ’
1053 1162 1139 1236 ἄν
1165 1175 1422 1255 μᾶλλον
1448 1163 1492 1255 ἢ
1519 1185 1740 1238 τεκεῖν
1768 1166 1958 1251 ἅπαξ.

489 1264 637 1338 ἀλλ’
668 1265 751 1339 οὐ
780 1266 909 1358 γὰρ
939 1265 1140 1347 αὐτὸς
1167 1267 1333 1359 πρὸς
1360 1270 1436 1338 σε
1459 1265 1617 1357 κᾶμ’
1650 1267 1797 1357 ἥκει
1826 1270 2055 1358 λόγος·

486 1372 596 1439 σοὶ
625 1370 758 1457 μὲν
777 1370 970 1450 πόλις
1001 1368 1132 1459 γὰρ
1175 1376 1311 1440 ἔστι
1344 1372 1461 1439 καὶ
1497 1370 1751 1459 πατρὸς
1788 1370 1979 1458 δόμοι

488 1479 645 1558 βίου
676 1468 738 1541 τ’
776 1469 1004 1560 ὄνησις
1032 1474 1146 1541 καὶ
1177 1478 1400 1561 φίλων
1427 1479 1775 1559 συνουσία,

486 1571 618 1660 ἐγῶ
655 1570 721 1640 δ’
755 1579 996 1663 ἔρημος
1025 1570 1260 1654 ἄπολις
1289 1565 1441 1643 οὖσ’
1474 1571 1829 1664 ὑβρίζομαι
2158 1591 2261 1644 255

489 1673 656 1765 πρὸς
682 1670 963 1765 ἀνδρός,
992 1678 1066 1744 ἐκ
1093 1683 1214 1762 γῆς
1243 1677 1596 1765 βαρβάρου
1627 1679 2019 1766 λελῃσμένη,

489 1773 570 1845 οὐ
598 1773 853 1868 μητέρ’,
883 1773 1009 1844 οὐκ
1039 1773 1371 1864 ἀδελφόν,
1401 1773 1550 1864 οὐχὶ
1580 1785 1875 1864 συγγενῆ

486 1884 1028 1967 μεθορμίσασθαι
1055 1874 1245 1966 τῆσδ’
1280 1883 1521 1964 ἔχουσα
1548 1886 1919 1968 συμφορᾶς.
1959 1913 1962 1916 -

485 1986 803 2050 τοσοῦτον
828 1970 957 2050 οὖν
985 1999 1110 2047 σου
1136 1977 1495 2066 τυγχάνειν
1521 1979 1957 2067 βουλήσομαι,

487 2079 573 2170 ἦν
598 2108 712 2170 μοι
741 2080 946 2167 πόρος
975 2107 1073 2160 τις
1099 2081 1362 2169 μηχανή
1388 2077 1453 2149 τ’
1485 2082 1813 2169 ἐξευρεθῇ
2156 2096 2263 2151 260

487 2183 686 2252 πόσιν
715 2187 914 2270 δίκην
940 2178 1144 2251 τῶνδ’
1175 2179 1643 2251 ἄντιτίσασθαι
1670 2189 1900 2251 κακῶν

489 2282 634 2370 [τὸν
653 2284 860 2354 δόντα
884 2282 934 2352 τ’
962 2280 1144 2377 αὐτῷ
1169 2279 1493 2373 θυγατέρ’
1524 2282 1612 2370 ἥν
1635 2282 1687 2350 τ’
1716 2283 2054 2368 ἐγήματο],

489 2394 706 2474 σιγᾶν.
738 2383 914 2475 γυνὴ
944 2384 1072 2476 γὰρ
1100 2382 1308 2455 τᾶλλα
1334 2385 1460 2473 μὲν
1485 2385 1710 2475 φόβου
1740 2387 1929 2474 πλέα,

488 2487 658 2576 κακὴ
688 2484 749 2557 δ’
784 2491 850 2568 ἐς
877 2484 1090 2576 ἀλκὴν
1116 2490 1230 2558 καὶ
1256 2493 1537 2577 σίδηρον
1565 2493 1863 2578 εἰσορᾶν·

377 2616 407 2636 -2
483 2587 646 2660 ὅταν
674 2586 739 2660 δ’
772 2593 840 2670 ἐς
873 2586 1084 2678 εὐνὴν
1110 2585 1478 2676 ἠδικημένη
1513 2595 1711 2677 κυρῇ,
2161 2603 2263 2658 265

255 2803 399 2864 ΧΟ.

261 3209 391 3270 KP.

488 2689 615 2761 οὐκ
647 2699 827 2761 ἔστιν
857 2688 1026 2779 ἄλλη
1059 2687 1244 2780 φρὴν
1272 2692 1793 2778 μιαιφονωτέρα.

483 2795 736 2884 δρὸἴσον
757 2793 919 2864 τάδ’·
964 2797 1244 2872 ἐνδίκως
1272 2789 1401 2880 γὰρ
1437 2793 1680 2875 ἐκτίσει
1721 2790 1941 2877 πόσιν,

483 2895 776 2985 Μήδεια.
811 2905 1096 2965 πενθεῖν
1126 2892 1191 2963 δ’
1225 2891 1312 2963 οὕ
1337 2914 1413 2962 σε
1440 2892 1764 2980 θαυμάζω
1796 2892 2015 2979 τύχας.

487 2994 625 3088 ὁρῶ
655 2998 731 3067 δὲ
758 2999 873 3066 καὶ
896 2999 1200 3087 Κρέοντα
1235 2991 1425 3083 τῆσδ’
1460 2993 1715 3064 ἄνακτα
1743 3002 1864 3082 γῆς

485 3106 860 3188 στείχοντα,
890 3106 1148 3169 καινῶν
1175 3096 1461 3186 ἄγγελον
1489 3096 1989 3186 βουλευμάτων.
2160 3107 2265 3164 270

483 3203 557 3271 σὲ
583 3201 706 3291 τὴν
732 3199 1147 3292 σκυθρωπὸν
1173 3203 1288 3270 καὶ
1317 3198 1510 3270 πόσει
1541 3199 2006 3286 θυμουμένην,

485 3305 834 3391 Μήδειαν,
869 3302 1058 3373 εἷπον
1084 3307 1289 3389 τῆσδε
1314 3309 1435 3389 γῆς
1462 3305 1585 3384 ἔξω
1615 3307 1828 3390 περᾶν

489 3404 762 3493 φυγάδα
793 3412 1135 3492 λαβοῦσα-ν
1162 3400 1359 3475 δισσὰ
1384 3400 1515 3471 σὺν
1541 3408 1753 3491 σαυτῇ
1782 3403 2004 3485 τέκνα,

485 3508 600 3574 καὶ
626 3506 718 3594 μή
743 3533 806 3574 τι
833 3508 1128 3594 μέλλειν·
1163 3501 1251 3586 ὡς
1276 3501 1407 3592 ἐγώ
1437 3501 1732 3594 βραβεὺς
1759 3501 1965 3588 λόγου
