2534 3917
652 197 1110 257 ΙΦΙΓΕΝΕΙΑ
1151 197 1216 254 Η
1257 198 1384 256 ΕΝ
1429 199 1788 258 ΤΑΤΡΟΙΣ
2100 197 2221 262 103

205 377 401 440 ΑΓΓ.
440 384 591 450 ποῖ;
625 374 736 436 δεῖ
758 365 887 456 γὰρ
923 363 1134 435 αὐτὸν
1169 369 1423 436 εἰδέναι
1449 365 1530 435 τὰ
1557 366 1888 455 δρώμενα.
2091 385 2220 442 1295

207 481 349 540 XO.
444 467 569 540 οὐκ
605 479 800 557 ἴσμεν
820 491 834 506 ·
867 464 1036 536 ἀλλὰ
1069 483 1284 555 στεῖχε
1318 469 1431 536 καὶ
1460 473 1669 538 δίωκέ
1698 498 1810 539 νιν

445 569 619 642 ὅπου
646 571 945 662 κυρήσας
978 567 1218 640 τούσδ’
1252 567 1652 659 ἀπαγγελεῖς
1686 571 1950 659 λόγους.

205 683 400 745 ΑΓΓ.
440 671 653 765 ὁρᾶτ’,
684 670 967 742 ἄπιστον
1000 667 1090 752 ῶς
1113 687 1507 760 γυναικεῖον
1536 675 1760 762 γένος·

444 780 705 864 μέτεστι
769 775 976 862 χὺμῖν
1019 781 1157 842 τῶν
1206 779 1697 864 πεπραγμένων
1728 778 1944 865 μέρος.

204 889 347 949 ΧΟ.
441 885 698 966 μαίνει;
726 884 799 946 τί
824 873 890 945 δ’
922 873 1083 964 ἡμῖν
1108 881 1245 946 τῶν
1276 878 1489 960 ξένων
1524 884 1828 968 δρασμοῦ
1855 879 2054 963 μέτα;
2086 893 2220 949 1300

446 976 569 1049 οὐκ
599 978 661 1048 εἶ
686 977 1121 1068 κρατούντων
1152 976 1322 1069 πρὸς
1356 977 1573 1061 πύλας
1605 976 1771 1049 ὅσον
1797 979 1990 1067 τάχος
2007 1010 2026 1063 ;

202 1091 401 1153 ΑΓΓ.
441 1077 523 1150 ού
556 1089 721 1171 πρίν
754 1077 819 1168 γ’
850 1077 937 1150 ἂν
977 1092 1131 1169 εἴπῃ
1163 1077 1411 1161 τοῦπος
1443 1079 1770 1171 ἑρμηνεὺς
1801 1079 1978 1167 τόδε,

448 1180 569 1252 εἶτ’
606 1188 807 1254 ἔνδον
838 1179 962 1252 εἴτ’
998 1179 1129 1252 οὐκ
1157 1189 1359 1252 ἔνδον
1393 1178 1681 1272 ἀρχηγὸς
1713 1183 1985 1270 χθονός.

445 1284 543 1374 ῶὴ
583 1280 825 1372 χαλᾶτε
862 1292 1167 1375 κλῇθρα,
1203 1299 1342 1365 τοῖς
1375 1289 1576 1354 ἔνδον
1609 1287 1804 1372 λέγω,

441 1389 557 1457 καὶ
592 1385 882 1478 δεσπότῃ
918 1383 1260 1476 σημήναθ’
1299 1382 1530 1456 οὕνεκ’
1569 1391 1644 1458 ἐν
1679 1385 1920 1468 πύλαις
2081 1404 2216 1458 1305

444 1488 751 1580 πάρειμι,
786 1497 1047 1588 ’καινῶν
1082 1489 1340 1581 φόρτον
1367 1486 1714 1577 ἀγγέλλων
1745 1497 1994 1560 κακῶν.

206 1601 345 1662 ΘΟ.
437 1601 539 1672 τίς
568 1589 741 1679 ἀμφὶ
774 1599 965 1680 δῶμα
996 1598 1163 1674 θεᾶς
1191 1589 1340 1662 τόδ’
1379 1597 1641 1681 ἵστησιν
1668 1593 1861 1682 βοήν,

442 1693 658 1774 πύλας
690 1689 934 1783 ἀράξας
966 1695 1079 1762 καὶ
1118 1693 1350 1783 ψόφον
1382 1697 1644 1782 πέμψας
1675 1699 1841 1777 ἔσω;

200 1803 397 1867 ΑΓΓ.
436 1801 705 1879 ψευδῶς
742 1801 976 1884 ἔλεγον
1000 1800 1149 1865 αἵδε
1182 1803 1304 1864 καί
1341 1791 1415 1882 μ’
1452 1791 1846 1884 ἀπήλαυνον
1881 1796 2130 1885 δόμων,

443 1897 531 1980 ῶς
558 1893 745 1977 ἐκτὸς
781 1907 949 1986 εἴης·
986 1896 1074 1966 σύ
1110 1897 1187 1967 δὲ
1218 1893 1367 1966 κατ’
1399 1895 1588 1966 οἷκον
1615 1887 1777 1984 ἦσθ’
1813 1894 1962 1988 ἄρα.
2082 1914 2219 1970 1310

200 2009 346 2070 ΘΟ.
441 2009 513 2071 τί
544 2004 1013 2090 προσδοκῶσαι
1041 2001 1278 2089 κέρδος
1305 1994 1350 2087 ἢ
1377 1998 1804 2088 θηρῶμεναι;

200 2110 398 2173 ΑΓΓ.
438 2093 642 2182 αὖθις
671 2099 753 2170 τὰ
785 2107 1003 2171 τῶνδε
1038 2107 1314 2190 σημανῶ
1333 2124 1348 2138 ·
1384 2100 1466 2171 τὰ
1503 2098 1574 2172 δ’
1610 2105 1685 2171 ἐν
1713 2102 1870 2169 ποσὶ

444 2200 724 2291 παρόντ’
764 2201 1077 2275 ἄκουσον.
1114 2201 1155 2292 ἡ
1188 2210 1414 2284 νεᾶνις
1447 2201 1494 2292 ἢ
1518 2201 1763 2274 ’νθάδε

442 2315 689 2395 βωμοῖς
716 2302 1090 2397 παρίστατ’,
1115 2303 1477 2395 Ἰφιγένει’,
1510 2309 1632 2389 ἔξω
1664 2302 1915 2393 χθονὸς

444 2406 575 2478 σὺν
605 2421 744 2488 τοῖς
774 2411 1065 2490 ξένοισιν
1096 2419 1377 2497 οἴχεται,
1413 2407 1664 2497 σεμνὸν
1697 2415 1864 2490 θεᾶς
2081 2423 2216 2477 1315

445 2507 687 2598 ἄγαλμ’
726 2517 1003 2598 ἔχουσα·
1034 2509 1227 2581 δόλια
1256 2508 1323 2582 δ’
1355 2501 1443 2600 ἦν
1474 2511 1893 2600 καθάρματα.

198 2621 348 2681 ΘΟ.
442 2619 583 2692 πῶς
618 2612 785 2700 φής;
822 2621 889 2682 τί
920 2618 1186 2700 πνεῦμα
1211 2621 1564 2703 συμφορᾶς
1590 2615 1998 2699 κεκτημένης

200 2721 401 2783 ΑΓΓ.
440 2711 717 2797 σῶζουσ’
748 2711 1094 2804 Ὀρέστην·
1125 2721 1320 2784 τοῦτο
1349 2713 1479 2804 γὰρ
1514 2712 1599 2783 σύ
1626 2711 1984 2800 θαυμάσει.

202 2825 349 2886 ΘΟ.
448 2815 568 2885 τὸν
596 2819 827 2900 ποῖον;
864 2807 975 2906 ἆρ’
1016 2812 1097 2885 ὃν
1135 2819 1472 2906 Τυνδαρὶς
1503 2823 1711 2886 τίκτει
1743 2813 1948 2905 κόρης

202 2925 402 2988 ΑΓΓ.
439 2915 522 2988 ὃν
554 2924 777 2988 τοῖσδε
808 2928 1057 3008 βωμοῖς
1089 2917 1222 2987 θεὰ
1256 2917 1759 2988 καθωσιώσατο.
2084 2933 2218 2988 1320

205 3028 349 3090 ΘΟ.
448 3011 504 3089 ῶ
535 3026 803 3109 θαῦμα,
841 3028 979 3102 πῶς
1015 3043 1091 3090 σε
1124 3030 1352 3108 μεῖζον
1375 3017 1712 3110 ὀνομάσας
1739 3019 1957 3109 τύχω;

204 3129 403 3192 ΑΓΓ.
440 3121 530 3210 μὴ
555 3119 847 3192 ’νταῦθα
878 3127 1124 3215 τρέψῃς
1152 3121 1284 3212 σὴν
1318 3120 1544 3212 φρέν’,
1576 3118 1726 3192 ἀλλ’
1761 3119 1975 3193 ἄκουέ
1998 3144 2162 3209 μου’

446 3233 679 3313 σαφῶς
712 3223 778 3293 δ’
814 3223 1115 3319 ἀθρήσας
1143 3229 1256 3295 καὶ
1285 3223 1514 3294 κλύων
1542 3221 1988 3315 ἐκφρόντισον

448 3324 749 3415 διωγμὸν
768 3325 947 3408 ὅστις
974 3326 1131 3408 τοὺς
1158 3330 1390 3410 ξένους
1417 3327 1806 3417 θηράσεται.

210 3434 351 3496 ΘΟ.
446 3425 589 3516 λέγ’
610 3452 625 3466 ·
660 3423 741 3500 εὖ
765 3429 895 3521 γὰρ
926 3429 1113 3510 εἶπας
1131 3453 1144 3466 ·
1178 3425 1261 3499 οὗ
1288 3426 1417 3517 γὰρ
1445 3425 1819 3516 ἀγχίπλουν
1845 3427 2057 3516 πόρον
2081 3443 2216 3496 1325

446 3531 856 3619 φεύγουσιν,
890 3528 1057 3602 ῶστε
1087 3535 1452 3619 διαφυγεῖν
1479 3527 1733 3616 τούμὸν
1765 3527 1955 3613 δόρυ.
