2534 3917
1128 134 1516 191 ΟΡΕΣΤΗΣ
2176 134 2299 198 263

515 299 714 392 ἄγετέ
735 323 848 389 με·
882 302 1048 391 πρὸς
1077 305 1206 390 γὰρ
1237 301 1467 385 δεξιὰν
1494 299 1706 372 αὐτοῦ
1734 305 1919 372 θέλω

513 402 670 483 στὰς
699 400 1130 472 ἀσπάσασθαι
1148 455 1166 490 ,
1198 404 1465 494 χρόνιος
1506 403 1780 476 εἰσιδών
1808 414 2035 495 φίλον.
2198 424 2299 479 475

281 515 440 577 ΜΕ.
511 496 566 574 ώ
594 509 854 593 πρέσβυ
883 521 1106 629 χαῖρε,
1137 505 1353 595 Ζηνὸς
1381 504 1791 596 ὁμόλεκτρον
1818 507 2010 595 κάρα.

290 618 421 678 ΤΥ.
512 636 563 677 ω
594 623 781 696 χαῖρε
809 610 922 675 καὶ
951 605 1036 675 σύ
1057 612 1458 733 Μενέλεως,
1491 606 1776 733 κήδευμ’
1809 609 1990 696 ἐμόν.

515 718 619 779 ἔα·
652 707 725 777 τὸ
753 711 998 797 μέλλον
1028 705 1117 790 ώς
1146 708 1361 781 κακὸν
1389 710 1462 780 τὸ
1492 710 1581 799 μη
1615 713 1885 780 εἰδέναι.

509 808 550 900 ἱὁ
583 812 1047 900 μητροφόντης
1075 808 1193 881 ὅδε
1221 811 1353 903 πρὸ
1385 813 1713 900 δωμάτων
1742 813 2014 902 δράκων

512 921 766 1001 στίλβει
795 912 1116 995 νοσώδεις
1145 911 1517 1005 ἀστραπάς,
1547 911 1832 1002 στύγημ’
1868 915 2046 1003 ἐμόν.
2198 935 2299 983 4.ηῇ

512 1018 826 1084 Μενέλαε
845 1068 863 1102 ,
895 1020 1361 1106 προσφθέγγει
1388 1045 1501 1086 νιν
1529 1014 1804 1087 ἀνόσιον
1831 1016 2038 1106 κάρας

281 1124 440 1187 ΜΕ.
506 1124 579 1185 τί
597 1116 763 1207 γάρ;
796 1123 1003 1207 φίλου
1031 1145 1145 1205 μοι
1173 1118 1423 1208 πατρός
1451 1123 1632 1188 ἐστιν
1661 1126 1950 1206 ἔκγονος.

292 1228 422 1287 ΤΥ.
505 1227 738 1289 κείνου
766 1217 894 1308 γὰρ
926 1217 1042 1289 ὅδε
1071 1223 1371 1308 πέφυκε,
1402 1228 1702 1300 τοιοῦτος
1731 1220 1974 1309 γεγώς;

282 1330 438 1390 ΜΕ.
513 1323 850 1409 πέφυκεν·
885 1328 948 1389 εί
972 1322 1046 1391 δὲ
1075 1327 1426 1410 δυστυχεῖ,
1457 1325 1779 1411 τιμητέος.

287 1432 419 1491 ΤΥ.
502 1423 1050 1513 βεβαρβάρωσαι,
1077 1424 1345 1513 χρόνιος
1374 1420 1472 1494 ών
1498 1429 1573 1494 έν
1600 1423 1982 1514 βαρβάροις.
2194 1443 2291 1491 4³55

277 1533 436 1595 ME.
499 1521 887 1613 Ἑλληνικόν
914 1553 1015 1596 τοι
1042 1525 1161 1596 τὸν
1189 1523 1447 1614 ὁμόθεν
1474 1534 1674 1615 τιμᾶν
1703 1522 1829 1595 άεί.

287 1636 418 1704 ΤΥ.
503 1630 616 1698 καὶ
643 1634 781 1697 τῶν
808 1627 1040 1715 νόμων
1069 1656 1145 1716 γε
1173 1626 1262 1716 μη
1294 1628 1626 1719 πρότερον
1655 1627 1827 1697 εἶναι
1856 1633 2106 1697 θέλει-ν.

281 1737 436 1797 ΜΕ.
506 1736 642 1799 πᾶν
669 1725 823 1812 τούξ
854 1726 1147 1818 ἀνάγκης
1175 1731 1429 1800 δοῦλόν
1459 1727 1594 1800 ἐστ’
1627 1735 1701 1800 ἐν
1729 1746 1867 1809 τοῖς
1894 1747 2146 1819 σοφοῖς.

285 1839 417 1899 ΤΥ.
499 1831 783 1920 κέκτησό
809 1859 942 1900 νυν
970 1829 1057 1899 σὺ
1085 1828 1297 1918 τοῦτ’,
1329 1830 1460 1921 ἐγώ
1492 1829 1558 1899 δ’
1593 1829 1676 1901 οὐ
1706 1831 2046 1920 κτήσομαι.

282 1940 437 2002 ΜΕ.
508 1930 674 2022 ὀργὴ
703 1931 832 2023 γὰρ
863 1929 996 2021 ἅμα
1026 1954 1152 2002 σου
1181 1934 1296 2002 καὶ
1324 1933 1399 2003 τὸ
1429 1940 1639 2024 γῆρας
1666 1930 1749 2002 οὐ
1781 1935 2014 2020 σοφόν.
2190 1951 2291 2003 -Ηῑιη

285 2043 417 2103 ΤΥ.
501 2034 667 2125 πρὸς
697 2032 885 2104 τόνδ’
921 2032 1106 2122 ἄγων
1137 2030 1222 2104 ἂν
1252 2042 1324 2106 τί
1344 2042 1585 2124 σοφίας
1615 2045 1716 2124 εἴη
1747 2038 1937 2126 πτέρις

509 2144 572 2205 εί
596 2133 676 2205 τὰ
704 2136 874 2206 καλὰ
903 2145 1065 2206 πᾶσι
1095 2135 1362 2227 φανερὰ
1388 2139 1503 2207 καὶ
1530 2136 1611 2206 τὰ
1635 2137 1726 2226 μη
1756 2136 1945 2224 καλά,

507 2238 750 2308 τούτου
778 2246 877 2319 τίς
908 2236 1180 2329 ἀνδρῶν
1208 2235 1460 2328 ἐγένετ’
1493 2237 2006 2329 ἀσυνετώτερος,Ι

509 2337 689 2422 ὅστις
718 2340 792 2410 τὸ
821 2341 946 2429 μὲν
970 2347 1238 2412 δίκαιον
1266 2339 1395 2411 οὐκ
1425 2345 1749 2423 ἐσκέψατο

507 2439 658 2512 οὐδ’
691 2434 906 2532 ἦλθεν
934 2447 1044 2514 ἐπὶ
1069 2443 1189 2515 τὸν
1218 2443 1454 2514 κοινὸν
1471 2442 1807 2533 Ἑλλήνων
1833 2444 2078 2532 νόμον;
2194 2463 2291 2511 1³35*

507 2547 653 2614 ἐπεὶ
680 2545 808 2635 γαρ
838 2550 1234 2629 ἐξέπνευσεν
1266 2544 1700 2634 Ἀγαμέμνων
1727 2554 1883 2635 βίον

506 2650 779 2736 πληγεὶς
806 2646 1149 2737 θυγατρὸς
1177 2656 1293 2736 τῆς
1322 2652 1480 2736 ἐμῆς
1511 2648 1682 2734 ὑπὲρ
1714 2655 1923 2736 κάρα,

506 2759 846 2837 αἴσχιστον
874 2757 1108 2839 ἔργον,
1140 2746 1224 2818 οὐ
1254 2747 1383 2839 γὰρ
1414 2749 1657 2818 αἰνέσω
1687 2751 1866 2834 ποτέ,

504 2858 675 2975 χρῆν
703 2848 913 2921 αὐτὸν
943 2855 1281 2921 ἐπιθεῖναι
1309 2851 1434 2938 μὲν
1465 2855 1735 2938 αἵματος
1768 2856 1966 2938 δίκην
2190 2871 2291 2919 mn.)

507 2949 706 3023 ὁσίαν
735 2951 1046 3023 διώκοντ’
1081 2958 1395 3042 ἐκβαλεῖν
1422 2980 1495 3023 τε
1522 2952 1853 3041 δωμάτων

502 3057 782 3146 μητέρα·
817 3054 891 3126 τὸ
920 3056 1201 3182 σῶφρόν
1229 3052 1291 3124 τ’
1331 3063 1573 3144 ἔλαβεν
1603 3058 1751 3123 ἀντὶ
1781 3067 2134 3142 συμφῡῡτές

457 3219 465 3222 .
507 3160 622 3226 καὶ
649 3166 769 3227 τοῦ
798 3158 1011 3245 νόμου
1039 3156 1102 3227 τ’
1139 3154 1224 3228 ἂν
1255 3156 1454 3247 εἴχετ’
1491 3155 1774 3246 ευσεβής
1803 3154 1865 3226 τ’
1901 3186 1986 3227 αν
2018 3151 2118 3243 ἧς·

503 3266 637 3328 νῦν
666 3256 731 3328 δ’
766 3266 859 3340 εἰς
887 3258 1007 3330 τὸν
1034 3258 1247 3330 αὐτὸν
1275 3259 1540 3348 δαίμον’
1573 3252 1747 3349 ἦλθε
1774 3262 2026 3348 μητέρι

502 3360 716 3447 κακὴν
744 3360 871 3451 γὰρ
901 3358 1116 3450 αὐτὴν
1145 3359 1489 3442 ένδίκως“
1455 3362 1849 3452 ηγούμενος,
2186 3379 2283 3427 ᾗῡὲι

502 3459 704 3543 αὐτὸς
731 3470 987 3531 κακίων
1014 3467 1249 3551 γέγονε
1277 3466 1528 3555 μητέρα
1559 3462 1843 3533 κτανών.
