<?xml version="1.0" encoding="UTF-8"?>
<!DOCTYPE html PUBLIC "-//W3C//DTD XHTML 1.0 Transitional//EN"
    "http://www.w3.org/TR/xhtml1/DTD/xhtml1-transitional.dtd">
<html xmlns="http://www.w3.org/1999/xhtml" xml:lang="en" lang="en">
 <head>
  <title>
</title>
<meta http-equiv="Content-Type" content="text/html;charset=utf-8" />
  <meta name='ocr-system' content='tesseract 3.04.00' />
  <meta name='ocr-capabilities' content='ocr_page ocr_carea ocr_par ocr_line ocrx_word'/>
</head>
<body>
  <div class='ocr_page' id='page_1' title='image "./evripidistragoe04eurigoog_0405.png"; bbox 0 0 2534 3917; ppageno 0'>
   <div class='ocr_carea' id='block_1_1' title="bbox 361 217 492 281">
    <p class='ocr_par' dir='ltr' id='par_1_1' title="bbox 361 217 492 281">
     <span class='ocr_line' id='line_1_1' title="bbox 361 217 492 281; baseline -0.008 0"><span class='ocrx_word' id='word_1_1' title='bbox 361 217 492 281; x_wconf 79' lang='lat'><strong><em>338</em></strong></span> 
     </span>
    </p>
   </div>
   <div class='ocr_carea' id='block_1_2' title="bbox 363 396 523 963">
    <p class='ocr_par' dir='ltr' id='par_1_2' title="bbox 363 396 523 963">
     <span class='ocr_line' id='line_1_2' title="bbox 367 396 508 458; baseline -0.021 0"><span class='ocrx_word' id='word_1_2' title='bbox 367 396 508 458; x_wconf 88' lang='grc' dir='ltr'><strong><em>ΕΚ.</em></strong></span> 
     </span>
     <span class='ocr_line' id='line_1_3' title="bbox 363 498 522 560; baseline -0.025 0"><span class='ocrx_word' id='word_1_3' title='bbox 363 498 522 560; x_wconf 86' lang='grc' dir='ltr'><strong><em>ΗΝ.</em></strong></span> 
     </span>
     <span class='ocr_line' id='line_1_4' title="bbox 366 600 508 660; baseline -0.014 0"><span class='ocrx_word' id='word_1_4' title='bbox 366 600 508 660; x_wconf 85' lang='grc' dir='ltr'><strong><em>ΕΚ.</em></strong></span> 
     </span>
     <span class='ocr_line' id='line_1_5' title="bbox 365 700 523 761; baseline -0.013 0"><span class='ocrx_word' id='word_1_5' title='bbox 365 700 523 761; x_wconf 89' lang='grc' dir='ltr'><strong><em>ΗΝ.</em></strong></span> 
     </span>
     <span class='ocr_line' id='line_1_6' title="bbox 367 802 508 862; baseline -0.021 0"><span class='ocrx_word' id='word_1_6' title='bbox 367 802 508 862; x_wconf 87' lang='grc' dir='ltr'><strong><em>ΕΚ.</em></strong></span> 
     </span>
     <span class='ocr_line' id='line_1_7' title="bbox 367 903 523 963; baseline -0.013 0"><span class='ocrx_word' id='word_1_7' title='bbox 367 903 523 963; x_wconf 89' lang='lat' dir='ltr'><strong><em>HN.</em></strong></span> 
     </span>
    </p>
   </div>
   <div class='ocr_carea' id='block_1_3' title="bbox 365 1104 509 1165">
    <p class='ocr_par' dir='ltr' id='par_1_3' title="bbox 365 1104 509 1165">
     <span class='ocr_line' id='line_1_8' title="bbox 365 1104 509 1165; baseline -0.021 0"><span class='ocrx_word' id='word_1_8' title='bbox 365 1104 509 1165; x_wconf 82' lang='grc' dir='ltr'><strong><em>ΕΚ.</em></strong></span> 
     </span>
    </p>
   </div>
   <div class='ocr_carea' id='block_1_4' title="bbox 1223 219 1503 276">
    <p class='ocr_par' dir='ltr' id='par_1_4' title="bbox 1223 219 1503 276">
     <span class='ocr_line' id='line_1_9' title="bbox 1223 219 1503 276; baseline 0.004 -1"><span class='ocrx_word' id='word_1_9' title='bbox 1223 219 1503 276; x_wconf 87' lang='grc' dir='ltr'><em>ΡΗΣΟΣ</em></span> 
     </span>
    </p>
   </div>
   <div class='ocr_carea' id='block_1_5' title="bbox 593 379 2397 1592">
    <p class='ocr_par' dir='ltr' id='par_1_5' title="bbox 593 379 2393 577">
     <span class='ocr_line' id='line_1_10' title="bbox 595 379 2393 489; baseline 0.002 -34"><span class='ocrx_word' id='word_1_10' title='bbox 595 385 686 475; x_wconf 84' lang='grc' dir='ltr'><strong><em>μὴ</em></strong></span> <span class='ocrx_word' id='word_1_11' title='bbox 715 379 958 489; x_wconf 53' lang='lat' dir='ltr'><strong><em>&amp;viius</em></strong></span> <span class='ocrx_word' id='word_1_12' title='bbox 981 405 994 423; x_wconf 89' lang='lat'><strong>·</strong></span> <span class='ocrx_word' id='word_1_13' title='bbox 1029 381 1174 465; x_wconf 79' lang='grc' dir='ltr'><strong><em>ἅλις</em></strong></span> <span class='ocrx_word' id='word_1_14' title='bbox 1206 385 1335 475; x_wconf 76' lang='grc' dir='ltr'><strong><em>γὰρ</em></strong></span> <span class='ocrx_word' id='word_1_15' title='bbox 1365 393 1498 455; x_wconf 75' lang='grc' dir='ltr'><strong><em>τῶν</em></strong></span> <span class='ocrx_word' id='word_1_16' title='bbox 1524 388 1955 475; x_wconf 72' lang='grc' dir='ltr'><strong><em>τεθνηκότων</em></strong></span> <span class='ocrx_word' id='word_1_17' title='bbox 1986 387 2210 479; x_wconf 77' lang='grc' dir='ltr'><strong><em>ὄχλος.</em></strong></span> <span class='ocrx_word' id='word_1_18' title='bbox 2292 409 2393 464; x_wconf 78' lang='grc'>870</span> 
     </span>
     <span class='ocr_line' id='line_1_11' title="bbox 593 485 2037 577; baseline 0.001 -20"><span class='ocrx_word' id='word_1_19' title='bbox 593 504 712 559; x_wconf 76' lang='grc' dir='ltr'><strong><em>ποτ</em></strong></span> <span class='ocrx_word' id='word_1_20' title='bbox 733 485 818 575; x_wconf 85' lang='grc' dir='ltr'><strong><em>δὴ</em></strong></span> <span class='ocrx_word' id='word_1_21' title='bbox 845 485 1193 575; x_wconf 76' lang='grc' dir='ltr'><strong><em>τράπωμαι</em></strong></span> <span class='ocrx_word' id='word_1_22' title='bbox 1223 492 1566 556; x_wconf 75' lang='grc' dir='ltr'><strong><em>δεσποτῶν</em></strong></span> <span class='ocrx_word' id='word_1_23' title='bbox 1592 489 2037 577; x_wconf 70' lang='grc' dir='ltr'><strong><em>μονούμενοςς</em></strong></span> 
     </span>
    </p>

    <p class='ocr_par' dir='ltr' id='par_1_6' title="bbox 601 584 1795 674">
     <span class='ocr_line' id='line_1_12' title="bbox 601 584 1795 674; baseline -0.002 -15"><span class='ocrx_word' id='word_1_24' title='bbox 601 589 782 671; x_wconf 83' lang='grc' dir='ltr'><strong><em>οἶκός</em></strong></span> <span class='ocrx_word' id='word_1_25' title='bbox 809 610 884 658; x_wconf 89' lang='grc' dir='ltr'><strong><em>σε</em></strong></span> <span class='ocrx_word' id='word_1_26' title='bbox 913 589 1189 657; x_wconf 81' lang='grc' dir='ltr'><strong><em>κεύθων</em></strong></span> <span class='ocrx_word' id='word_1_27' title='bbox 1217 584 1423 674; x_wconf 79' lang='grc' dir='ltr'><strong><em>οὑμὸς</em></strong></span> <span class='ocrx_word' id='word_1_28' title='bbox 1452 588 1795 671; x_wconf 80' lang='grc' dir='ltr'><strong><em>ἐξιάσεται.</em></strong></span> 
     </span>
    </p>

    <p class='ocr_par' dir='ltr' id='par_1_7' title="bbox 598 687 2093 783">
     <span class='ocr_line' id='line_1_13' title="bbox 598 687 2093 783; baseline 0.002 -23"><span class='ocrx_word' id='word_1_29' title='bbox 598 694 710 761; x_wconf 78' lang='grc' dir='ltr'><strong><em>καὶ</em></strong></span> <span class='ocrx_word' id='word_1_30' title='bbox 738 697 878 771; x_wconf 71' lang='grc' dir='ltr'><strong><em>πῶς</em></strong></span> <span class='ocrx_word' id='word_1_31' title='bbox 905 716 986 777; x_wconf 87' lang='grc' dir='ltr'><strong><em>με</em></strong></span> <span class='ocrx_word' id='word_1_32' title='bbox 1014 690 1464 777; x_wconf 77' lang='grc' dir='ltr'><strong><em>κηδεύσουσιν</em></strong></span> <span class='ocrx_word' id='word_1_33' title='bbox 1491 687 1850 761; x_wconf 75' lang='grc' dir='ltr'><strong><em>αὐθεντῶν</em></strong></span> <span class='ocrx_word' id='word_1_34' title='bbox 1876 696 2093 783; x_wconf 84' lang='grc' dir='ltr'><strong><em>χέρες;</em></strong></span> 
     </span>
    </p>

    <p class='ocr_par' dir='ltr' id='par_1_8' title="bbox 597 782 2045 881">
     <span class='ocr_line' id='line_1_14' title="bbox 597 782 2045 881; baseline 0.001 -20"><span class='ocrx_word' id='word_1_35' title='bbox 597 789 701 861; x_wconf 79' lang='grc' dir='ltr'><strong><em>ὅδ’</em></strong></span> <span class='ocrx_word' id='word_1_36' title='bbox 736 782 826 860; x_wconf 78' lang='grc' dir='ltr'><strong><em>αὖ</em></strong></span> <span class='ocrx_word' id='word_1_37' title='bbox 854 790 972 862; x_wconf 86' lang='grc' dir='ltr'><strong><em>τὸν</em></strong></span> <span class='ocrx_word' id='word_1_38' title='bbox 1001 788 1212 861; x_wconf 77' lang='grc' dir='ltr'><strong><em>αὐτὸν</em></strong></span> <span class='ocrx_word' id='word_1_39' title='bbox 1237 798 1467 879; x_wconf 85' lang='grc' dir='ltr'><strong><em>μῦθον</em></strong></span> <span class='ocrx_word' id='word_1_40' title='bbox 1497 788 1580 860; x_wconf 76' lang='grc' dir='ltr'><strong><em>οὐ</em></strong></span> <span class='ocrx_word' id='word_1_41' title='bbox 1610 792 1790 880; x_wconf 82' lang='grc' dir='ltr'><strong><em>λήξει</em></strong></span> <span class='ocrx_word' id='word_1_42' title='bbox 1813 796 2045 881; x_wconf 76' lang='grc' dir='ltr'><strong><em>λέγων.</em></strong></span> 
     </span>
    </p>

    <p class='ocr_par' dir='ltr' id='par_1_9' title="bbox 599 889 2397 1287">
     <span class='ocr_line' id='line_1_15' title="bbox 607 889 2397 982; baseline 0.003 -21"><span class='ocrx_word' id='word_1_43' title='bbox 607 890 826 962; x_wconf 79' lang='grc' dir='ltr'><strong><em>ὄλοιθ’</em></strong></span> <span class='ocrx_word' id='word_1_44' title='bbox 859 889 896 961; x_wconf 85' lang='grc' dir='ltr'><strong><em>ὁ</em></strong></span> <span class='ocrx_word' id='word_1_45' title='bbox 929 893 1197 981; x_wconf 78' lang='grc' dir='ltr'><strong><em>δράσας.</em></strong></span> <span class='ocrx_word' id='word_1_46' title='bbox 1227 890 1311 962; x_wconf 91' lang='grc' dir='ltr'><strong><em>ού</em></strong></span> <span class='ocrx_word' id='word_1_47' title='bbox 1338 892 1468 982; x_wconf 82' lang='grc' dir='ltr'><strong><em>γὰρ</em></strong></span> <span class='ocrx_word' id='word_1_48' title='bbox 1499 900 1591 973; x_wconf 81' lang='grc' dir='ltr'><strong><em>είς</em></strong></span> <span class='ocrx_word' id='word_1_49' title='bbox 1616 895 1693 963; x_wconf 68' lang='grc' dir='ltr'><strong><em>σε</em></strong></span> <span class='ocrx_word' id='word_1_50' title='bbox 1718 900 2001 964; x_wconf 82' lang='grc' dir='ltr'><strong><em>τείνεται</em></strong></span> <span class='ocrx_word' id='word_1_51' title='bbox 2284 916 2397 969; x_wconf 70' lang='grc'>875</span> 
     </span>
     <span class='ocr_line' id='line_1_16' title="bbox 599 989 2213 1084; baseline 0.004 -24"><span class='ocrx_word' id='word_1_52' title='bbox 599 990 874 1081; x_wconf 72' lang='grc' dir='ltr'><strong><em>γλῶσσ’,</em></strong></span> <span class='ocrx_word' id='word_1_53' title='bbox 905 989 995 1073; x_wconf 77' lang='grc' dir='ltr'><strong><em>ὥς</em></strong></span> <span class='ocrx_word' id='word_1_54' title='bbox 1022 992 1110 1062; x_wconf 81' lang='grc' dir='ltr'><strong><em>σὺ</em></strong></span> <span class='ocrx_word' id='word_1_55' title='bbox 1137 1009 1443 1081; x_wconf 75' lang='grc' dir='ltr'><strong><em>κομπεῖς·</em></strong></span> <span class='ocrx_word' id='word_1_56' title='bbox 1476 990 1518 1082; x_wconf 81' lang='grc' dir='ltr'><strong><em>ἡ</em></strong></span> <span class='ocrx_word' id='word_1_57' title='bbox 1546 1002 1727 1084; x_wconf 83' lang='grc' dir='ltr'><strong><em>Δίκη</em></strong></span> <span class='ocrx_word' id='word_1_58' title='bbox 1754 993 1817 1065; x_wconf 90' lang='grc' dir='ltr'><strong><em>δ’</em></strong></span> <span class='ocrx_word' id='word_1_59' title='bbox 1851 1000 2213 1067; x_wconf 80' lang='grc' dir='ltr'><strong><em>ἐπίσταται.</em></strong></span> 
     </span>
     <span class='ocr_line' id='line_1_17' title="bbox 599 1090 2247 1184; baseline 0.001 -21"><span class='ocrx_word' id='word_1_60' title='bbox 599 1090 878 1178; x_wconf 78' lang='grc' dir='ltr'><strong><em>λάζυσθ’</em></strong></span> <span class='ocrx_word' id='word_1_61' title='bbox 897 1121 910 1134; x_wconf 89' lang='grc'><em>·</em></span> <span class='ocrx_word' id='word_1_62' title='bbox 957 1094 1236 1177; x_wconf 76' lang='grc' dir='ltr'><strong><em>ἄγοντες</em></strong></span> <span class='ocrx_word' id='word_1_63' title='bbox 1264 1093 1333 1159; x_wconf 86' lang='grc' dir='ltr'><strong><em>δ’</em></strong></span> <span class='ocrx_word' id='word_1_64' title='bbox 1366 1092 1575 1159; x_wconf 77' lang='grc' dir='ltr'><strong><em>αὐτὸν</em></strong></span> <span class='ocrx_word' id='word_1_65' title='bbox 1609 1097 1702 1173; x_wconf 81' lang='grc' dir='ltr'><strong><em>εἰς</em></strong></span> <span class='ocrx_word' id='word_1_66' title='bbox 1731 1097 1977 1180; x_wconf 77' lang='grc' dir='ltr'><strong><em>δόμους</em></strong></span> <span class='ocrx_word' id='word_1_67' title='bbox 2010 1100 2247 1184; x_wconf 78' lang='grc' dir='ltr'><strong><em>ἐμούς,</em></strong></span> 
     </span>
     <span class='ocr_line' id='line_1_18' title="bbox 601 1191 1954 1287; baseline 0.001 -22"><span class='ocrx_word' id='word_1_68' title='bbox 601 1192 814 1275; x_wconf 76' lang='grc' dir='ltr'><strong><em>οὕτως</em></strong></span> <span class='ocrx_word' id='word_1_69' title='bbox 847 1191 1025 1276; x_wconf 82' lang='grc' dir='ltr'><strong><em>ὅπως</em></strong></span> <span class='ocrx_word' id='word_1_70' title='bbox 1053 1191 1138 1265; x_wconf 75' lang='grc' dir='ltr'><strong><em>ἄν</em></strong></span> <span class='ocrx_word' id='word_1_71' title='bbox 1163 1193 1254 1285; x_wconf 83' lang='grc' dir='ltr'><strong><em>μὴ</em></strong></span> <span class='ocrx_word' id='word_1_72' title='bbox 1284 1193 1525 1287; x_wconf 81' lang='grc' dir='ltr'><strong><em>’γκαλῇ</em></strong></span> <span class='ocrx_word' id='word_1_73' title='bbox 1554 1198 1923 1287; x_wconf 81' lang='grc' dir='ltr'><strong><em>πορσύνετε</em></strong></span> <span class='ocrx_word' id='word_1_74' title='bbox 1941 1221 1954 1235; x_wconf 93' lang='grc'><em>·</em></span> 
     </span>
    </p>

    <p class='ocr_par' dir='ltr' id='par_1_10' title="bbox 599 1294 1934 1387">
     <span class='ocr_line' id='line_1_19' title="bbox 599 1294 1934 1387; baseline 0 -20"><span class='ocrx_word' id='word_1_75' title='bbox 599 1295 772 1386; x_wconf 81' lang='grc' dir='ltr'><strong><em>ὑμᾶς</em></strong></span> <span class='ocrx_word' id='word_1_76' title='bbox 799 1294 866 1366; x_wconf 88' lang='grc' dir='ltr'><strong><em>δ’</em></strong></span> <span class='ocrx_word' id='word_1_77' title='bbox 901 1298 1122 1379; x_wconf 79' lang='grc' dir='ltr'><strong><em>ἰόντας</em></strong></span> <span class='ocrx_word' id='word_1_78' title='bbox 1147 1312 1362 1367; x_wconf 80' lang='grc' dir='ltr'><strong><em>τοῖσιν</em></strong></span> <span class='ocrx_word' id='word_1_79' title='bbox 1390 1301 1465 1367; x_wconf 74' lang='grc' dir='ltr'><strong><em>ἐν</em></strong></span> <span class='ocrx_word' id='word_1_80' title='bbox 1490 1305 1692 1385; x_wconf 85' lang='grc' dir='ltr'><strong><em>τείχει</em></strong></span> <span class='ocrx_word' id='word_1_81' title='bbox 1717 1296 1934 1387; x_wconf 75' lang='grc' dir='ltr'><strong><em>χρεων</em></strong></span> 
     </span>
    </p>

    <p class='ocr_par' dir='ltr' id='par_1_11' title="bbox 600 1399 2372 1592">
     <span class='ocr_line' id='line_1_20' title="bbox 601 1399 2372 1491; baseline 0.003 -25"><span class='ocrx_word' id='word_1_82' title='bbox 601 1399 884 1491; x_wconf 73' lang='grc' dir='ltr'><strong><em>Πριάμῳ</em></strong></span> <span class='ocrx_word' id='word_1_83' title='bbox 911 1426 982 1467; x_wconf 86' lang='grc' dir='ltr'><strong><em>τε</em></strong></span> <span class='ocrx_word' id='word_1_84' title='bbox 1013 1402 1128 1467; x_wconf 76' lang='grc' dir='ltr'><strong><em>καὶ</em></strong></span> <span class='ocrx_word' id='word_1_85' title='bbox 1152 1402 1429 1488; x_wconf 77' lang='grc' dir='ltr'><strong><em>γέρουσι</em></strong></span> <span class='ocrx_word' id='word_1_86' title='bbox 1456 1406 1749 1488; x_wconf 81' lang='grc' dir='ltr'><strong><em>σημῆναι</em></strong></span> <span class='ocrx_word' id='word_1_87' title='bbox 1775 1399 2060 1491; x_wconf 78' lang='grc' dir='ltr'><strong><em>νεκροὺς</em></strong></span> <span class='ocrx_word' id='word_1_88' title='bbox 2280 1418 2372 1472; x_wconf 80' lang='grc'><strong><em>880</em></strong></span> 
     </span>
     <span class='ocr_line' id='line_1_21' title="bbox 600 1499 2173 1592; baseline 0.001 -25"><span class='ocrx_word' id='word_1_89' title='bbox 600 1500 888 1567; x_wconf 78' lang='grc' dir='ltr'><strong><em>θάπτειν</em></strong></span> <span class='ocrx_word' id='word_1_90' title='bbox 919 1499 1225 1569; x_wconf 84' lang='grc' dir='ltr'><strong><em>κελεύειν</em></strong></span> <span class='ocrx_word' id='word_1_91' title='bbox 1249 1500 1605 1592; x_wconf 86' lang='grc' dir='ltr'><strong><em>λεωφόρου</em></strong></span> <span class='ocrx_word' id='word_1_92' title='bbox 1632 1500 1800 1592; x_wconf 84' lang='grc' dir='ltr'><strong><em>πρὸς</em></strong></span> <span class='ocrx_word' id='word_1_93' title='bbox 1831 1501 2173 1592; x_wconf 76' lang='grc' dir='ltr'><strong><em>ἐκτροπάς.</em></strong></span> 
     </span>
    </p>
   </div>
   <div class='ocr_carea' id='block_1_6' title="bbox 369 1596 1743 1691">
    <p class='ocr_par' dir='ltr' id='par_1_12' title="bbox 369 1596 1743 1691">
     <span class='ocr_line' id='line_1_22' title="bbox 369 1596 1743 1691; baseline 0.002 -22"><span class='ocrx_word' id='word_1_94' title='bbox 369 1608 513 1669; x_wconf 83' lang='grc' dir='ltr'><strong><em>ΧΟ.</em></strong></span> <span class='ocrx_word' id='word_1_95' title='bbox 592 1608 663 1667; x_wconf 87' lang='grc' dir='ltr'><strong><em>τί</em></strong></span> <span class='ocrx_word' id='word_1_96' title='bbox 691 1597 839 1667; x_wconf 89' lang='grc' dir='ltr'><strong><em>ποτ’</em></strong></span> <span class='ocrx_word' id='word_1_97' title='bbox 877 1596 1186 1686; x_wconf 82' lang='grc' dir='ltr'><strong><em>εὐτυχίας</em></strong></span> <span class='ocrx_word' id='word_1_98' title='bbox 1212 1604 1286 1669; x_wconf 76' lang='grc' dir='ltr'><strong><em>ἐκ</em></strong></span> <span class='ocrx_word' id='word_1_99' title='bbox 1313 1608 1429 1690; x_wconf 82' lang='grc' dir='ltr'><strong><em>τῆς</em></strong></span> <span class='ocrx_word' id='word_1_100' title='bbox 1456 1604 1743 1691; x_wconf 75' lang='grc' dir='ltr'><strong><em>μεγάλης</em></strong></span> 
     </span>
    </p>
   </div>
   <div class='ocr_carea' id='block_1_7' title="bbox 601 1697 2379 2199">
    <p class='ocr_par' dir='ltr' id='par_1_13' title="bbox 609 1697 1748 1792">
     <span class='ocr_line' id='line_1_23' title="bbox 609 1697 1748 1792; baseline 0.005 -24"><span class='ocrx_word' id='word_1_101' title='bbox 609 1706 858 1792; x_wconf 90' lang='grc' dir='ltr'><strong><em>Τροίαν</em></strong></span> <span class='ocrx_word' id='word_1_102' title='bbox 886 1697 1117 1790; x_wconf 79' lang='grc' dir='ltr'><strong><em>ἀνάγει</em></strong></span> <span class='ocrx_word' id='word_1_103' title='bbox 1147 1701 1351 1771; x_wconf 87' lang='grc' dir='ltr'><strong><em>πάλιν</em></strong></span> <span class='ocrx_word' id='word_1_104' title='bbox 1381 1710 1472 1783; x_wconf 83' lang='grc' dir='ltr'><strong><em>εἰς</em></strong></span> <span class='ocrx_word' id='word_1_105' title='bbox 1498 1706 1748 1784; x_wconf 78' lang='grc' dir='ltr'><strong><em>πένθος</em></strong></span> 
     </span>
    </p>

    <p class='ocr_par' dir='ltr' id='par_1_14' title="bbox 602 1800 1601 1891">
     <span class='ocr_line' id='line_1_24' title="bbox 602 1800 1601 1891; baseline 0 -18"><span class='ocrx_word' id='word_1_106' title='bbox 602 1809 864 1890; x_wconf 86' lang='grc' dir='ltr'><strong><em>δαίμων</em></strong></span> <span class='ocrx_word' id='word_1_107' title='bbox 888 1800 1119 1891; x_wconf 76' lang='grc' dir='ltr'><strong><em>ἄλλος,</em></strong></span> <span class='ocrx_word' id='word_1_108' title='bbox 1156 1811 1228 1872; x_wconf 88' lang='grc' dir='ltr'><strong><em>τί</em></strong></span> <span class='ocrx_word' id='word_1_109' title='bbox 1250 1804 1601 1891; x_wconf 81' lang='grc' dir='ltr'><strong><em>φυτεύων;</em></strong></span> 
     </span>
    </p>

    <p class='ocr_par' dir='ltr' id='par_1_15' title="bbox 602 1895 2379 2097">
     <span class='ocr_line' id='line_1_25' title="bbox 603 1895 2379 1979; baseline 0.003 -5"><span class='ocrx_word' id='word_1_110' title='bbox 603 1912 678 1974; x_wconf 79' lang='grc' dir='ltr'><strong><em>ἔα</em></strong></span> <span class='ocrx_word' id='word_1_111' title='bbox 707 1912 800 1975; x_wconf 82' lang='grc' dir='ltr'><strong><em>ἔα.</em></strong></span> <span class='ocrx_word' id='word_1_112' title='bbox 835 1895 889 1973; x_wconf 76' lang='grc' dir='ltr'><em>ὦ</em></span> <span class='ocrx_word' id='word_1_113' title='bbox 917 1896 990 1973; x_wconf 73' lang='grc' dir='ltr'><strong><em>ω’.</em></strong></span> <span class='ocrx_word' id='word_1_114' title='bbox 2278 1922 2379 1979; x_wconf 77' lang='grc'><strong><em>885</em></strong></span> 
     </span>
     <span class='ocr_line' id='line_1_26' title="bbox 602 1998 1877 2097; baseline 0.002 -22"><span class='ocrx_word' id='word_1_115' title='bbox 602 2012 704 2087; x_wconf 87' lang='grc' dir='ltr'><strong><em>τίς</em></strong></span> <span class='ocrx_word' id='word_1_116' title='bbox 727 2002 899 2094; x_wconf 73' lang='grc' dir='ltr'><strong><em>ὑπὲρ</em></strong></span> <span class='ocrx_word' id='word_1_117' title='bbox 928 2014 1224 2094; x_wconf 84' lang='grc' dir='ltr'><strong><em>κεφαλῆς</em></strong></span> <span class='ocrx_word' id='word_1_118' title='bbox 1251 2007 1446 2093; x_wconf 86' lang='grc' dir='ltr'><strong><em>θεός,</em></strong></span> <span class='ocrx_word' id='word_1_119' title='bbox 1484 1998 1538 2075; x_wconf 74' lang='grc' dir='ltr'><em>ὦ</em></span> <span class='ocrx_word' id='word_1_120' title='bbox 1576 2011 1877 2097; x_wconf 78' lang='grc' dir='ltr'><strong><em>βασιλεῦ,</em></strong></span> 
     </span>
    </p>

    <p class='ocr_par' dir='ltr' id='par_1_16' title="bbox 601 2106 1774 2199">
     <span class='ocr_line' id='line_1_27' title="bbox 601 2106 1774 2199; baseline 0.003 -23"><span class='ocrx_word' id='word_1_121' title='bbox 601 2106 720 2178; x_wconf 87' lang='grc' dir='ltr'><strong><em>τὸν</em></strong></span> <span class='ocrx_word' id='word_1_122' title='bbox 741 2108 1114 2196; x_wconf 84' lang='grc' dir='ltr'><strong><em>νεόδμητον</em></strong></span> <span class='ocrx_word' id='word_1_123' title='bbox 1139 2106 1389 2198; x_wconf 86' lang='grc' dir='ltr'><strong><em>νεκρὸν</em></strong></span> <span class='ocrx_word' id='word_1_124' title='bbox 1418 2111 1492 2177; x_wconf 77' lang='grc' dir='ltr'><strong><em>ἐν</em></strong></span> <span class='ocrx_word' id='word_1_125' title='bbox 1518 2124 1774 2199; x_wconf 73' lang='grc' dir='ltr'><strong><em>χειροῖν</em></strong></span> 
     </span>
    </p>
   </div>
   <div class='ocr_carea' id='block_1_8' title="bbox 537 2210 1224 2299">
    <p class='ocr_par' dir='ltr' id='par_1_17' title="bbox 537 2210 1224 2299">
     <span class='ocr_line' id='line_1_28' title="bbox 537 2210 1224 2299; baseline -0.001 -21"><span class='ocrx_word' id='word_1_126' title='bbox 537 2279 542 2285; x_wconf 80' lang='grc'><strong><em>,</em></strong></span> <span class='ocrx_word' id='word_1_127' title='bbox 603 2210 911 2299; x_wconf 84' lang='grc' dir='ltr'><strong><em>φοράδην</em></strong></span> <span class='ocrx_word' id='word_1_128' title='bbox 946 2212 1188 2296; x_wconf 79' lang='grc' dir='ltr'><strong><em>πέμπει</em></strong></span> <span class='ocrx_word' id='word_1_129' title='bbox 1207 2241 1224 2292; x_wconf 85' lang='grc'><strong>;</strong></span> 
     </span>
    </p>
   </div>
   <div class='ocr_carea' id='block_1_9' title="bbox 603 2308 1626 2399">
    <p class='ocr_par' dir='ltr' id='par_1_18' title="bbox 603 2308 1626 2399">
     <span class='ocr_line' id='line_1_29' title="bbox 603 2308 1626 2399; baseline -0.001 -21"><span class='ocrx_word' id='word_1_130' title='bbox 603 2316 826 2398; x_wconf 77' lang='grc' dir='ltr'><strong><em>ταρβῶ</em></strong></span> <span class='ocrx_word' id='word_1_131' title='bbox 853 2308 1160 2379; x_wconf 86' lang='grc' dir='ltr'><strong><em>λεύσσων</em></strong></span> <span class='ocrx_word' id='word_1_132' title='bbox 1185 2309 1339 2379; x_wconf 89' lang='grc' dir='ltr'><strong><em>τόδε</em></strong></span> <span class='ocrx_word' id='word_1_133' title='bbox 1377 2317 1626 2399; x_wconf 86' lang='grc' dir='ltr'><strong><em>φάσμα.</em></strong></span> 
     </span>
    </p>
   </div>
   <div class='ocr_carea' id='block_1_10' title="bbox 369 2407 2375 2503">
    <p class='ocr_par' dir='ltr' id='par_1_19' title="bbox 369 2407 2375 2503">
     <span class='ocr_line' id='line_1_30' title="bbox 369 2407 2375 2503; baseline 0.001 -21"><span class='ocrx_word' id='word_1_134' title='bbox 369 2418 593 2482; x_wconf 68' lang='lat' dir='ltr'><em>Mor.</em></span> <span class='ocrx_word' id='word_1_135' title='bbox 625 2407 792 2499; x_wconf 81' lang='grc' dir='ltr'><strong><em>ὁρᾶν</em></strong></span> <span class='ocrx_word' id='word_1_136' title='bbox 819 2410 1128 2500; x_wconf 88' lang='grc' dir='ltr'><strong><em>πάρεστι,</em></strong></span> <span class='ocrx_word' id='word_1_137' title='bbox 1168 2418 1417 2500; x_wconf 75' lang='grc' dir='ltr'><strong><em>Τρῶες·</em></strong></span> <span class='ocrx_word' id='word_1_138' title='bbox 1459 2409 1501 2500; x_wconf 81' lang='grc' dir='ltr'><strong><em>ἡ</em></strong></span> <span class='ocrx_word' id='word_1_139' title='bbox 1529 2411 1655 2503; x_wconf 79' lang='grc' dir='ltr'><strong><em>γὰρ</em></strong></span> <span class='ocrx_word' id='word_1_140' title='bbox 1684 2417 1759 2483; x_wconf 77' lang='grc' dir='ltr'><strong><em>ἐν</em></strong></span> <span class='ocrx_word' id='word_1_141' title='bbox 1785 2428 2019 2501; x_wconf 69' lang='grc' dir='ltr'><strong><em>σοφοῖς</em></strong></span> <span class='ocrx_word' id='word_1_142' title='bbox 2280 2432 2375 2485; x_wconf 83' lang='grc'>890</span> 
     </span>
    </p>
   </div>
   <div class='ocr_carea' id='block_1_11' title="bbox 598 2508 2373 3501">
    <p class='ocr_par' dir='ltr' id='par_1_20' title="bbox 598 2508 2373 3415">
     <span class='ocr_line' id='line_1_31' title="bbox 598 2508 1857 2603; baseline 0.005 -23"><span class='ocrx_word' id='word_1_143' title='bbox 598 2508 789 2598; x_wconf 81' lang='grc' dir='ltr'><strong><em>τιμὰς</em></strong></span> <span class='ocrx_word' id='word_1_144' title='bbox 817 2517 1057 2599; x_wconf 84' lang='grc' dir='ltr'><strong><em>ἔχουσα</em></strong></span> <span class='ocrx_word' id='word_1_145' title='bbox 1084 2518 1334 2583; x_wconf 82' lang='grc' dir='ltr'><strong><em>Μοῦσα</em></strong></span> <span class='ocrx_word' id='word_1_146' title='bbox 1360 2514 1714 2603; x_wconf 88' lang='grc' dir='ltr'><strong><em>συγγόνων</em></strong></span> <span class='ocrx_word' id='word_1_147' title='bbox 1740 2523 1857 2602; x_wconf 88' lang='grc' dir='ltr'><strong><em>μία</em></strong></span> 
     </span>
     <span class='ocr_line' id='line_1_32' title="bbox 603 2612 2149 2708; baseline 0.002 -26"><span class='ocrx_word' id='word_1_148' title='bbox 603 2613 909 2702; x_wconf 84' lang='grc' dir='ltr'><strong><em>πάρειμι,</em></strong></span> <span class='ocrx_word' id='word_1_149' title='bbox 941 2620 1146 2685; x_wconf 73' lang='grc' dir='ltr'><strong><em>παῖδα</em></strong></span> <span class='ocrx_word' id='word_1_150' title='bbox 1171 2612 1365 2685; x_wconf 83' lang='grc' dir='ltr'><strong><em>τόνδ’</em></strong></span> <span class='ocrx_word' id='word_1_151' title='bbox 1396 2612 1601 2705; x_wconf 76' lang='grc' dir='ltr'><strong><em>ὁρῶσ’</em></strong></span> <span class='ocrx_word' id='word_1_152' title='bbox 1640 2623 1918 2708; x_wconf 70' lang='grc' dir='ltr'><strong><em>οἰκτρῶς</em></strong></span> <span class='ocrx_word' id='word_1_153' title='bbox 1945 2624 2149 2704; x_wconf 86' lang='grc' dir='ltr'><strong><em>φίλον</em></strong></span> 
     </span>
     <span class='ocr_line' id='line_1_33' title="bbox 601 2713 2297 2812; baseline 0.001 -27"><span class='ocrx_word' id='word_1_154' title='bbox 601 2714 898 2786; x_wconf 88' lang='grc' dir='ltr'><strong><em>θανόνθ’</em></strong></span> <span class='ocrx_word' id='word_1_155' title='bbox 935 2713 1057 2787; x_wconf 63' lang='grc' dir='ltr'><strong><em>ὖπῗ</em></strong></span> <span class='ocrx_word' id='word_1_156' title='bbox 1090 2722 1385 2807; x_wconf 74' lang='grc' dir='ltr'><strong><em>ἐχθρῶν·</em></strong></span> <span class='ocrx_word' id='word_1_157' title='bbox 1420 2714 1501 2787; x_wconf 77' lang='grc' dir='ltr'><strong><em>ὅν</em></strong></span> <span class='ocrx_word' id='word_1_158' title='bbox 1526 2714 1689 2788; x_wconf 84' lang='grc' dir='ltr'><strong><em>ποθ’</em></strong></span> <span class='ocrx_word' id='word_1_159' title='bbox 1723 2715 1759 2788; x_wconf 84' lang='grc' dir='ltr'>ὁ</span> <span class='ocrx_word' id='word_1_160' title='bbox 1787 2726 2048 2800; x_wconf 82' lang='grc' dir='ltr'><strong><em>κτείνας</em></strong></span> <span class='ocrx_word' id='word_1_161' title='bbox 2072 2718 2297 2812; x_wconf 73' lang='grc' dir='ltr'><strong><em>χρόνῳ</em></strong></span> 
     </span>
     <span class='ocr_line' id='line_1_34' title="bbox 605 2815 1874 2911; baseline 0.003 -24"><span class='ocrx_word' id='word_1_162' title='bbox 605 2819 827 2899; x_wconf 89' lang='grc' dir='ltr'><strong><em>δόλιος</em></strong></span> <span class='ocrx_word' id='word_1_163' title='bbox 855 2816 1218 2899; x_wconf 75' lang='grc' dir='ltr'><strong><em>Ὀδυσσεὺς</em></strong></span> <span class='ocrx_word' id='word_1_164' title='bbox 1246 2815 1438 2901; x_wconf 79' lang='grc' dir='ltr'><strong><em>ἀξίαν</em></strong></span> <span class='ocrx_word' id='word_1_165' title='bbox 1464 2827 1629 2890; x_wconf 88' lang='grc' dir='ltr'><strong><em>τίσει</em></strong></span> <span class='ocrx_word' id='word_1_166' title='bbox 1658 2826 1874 2911; x_wconf 89' lang='grc' dir='ltr'><strong><em>δίκην.</em></strong></span> 
     </span>
     <span class='ocr_line' id='line_1_35' title="bbox 604 2917 2373 3011; baseline 0.004 -25"><span class='ocrx_word' id='word_1_167' title='bbox 604 2923 850 3010; x_wconf 71' lang='grc' dir='ltr'><strong><em>ἰαλέμῳ</em></strong></span> <span class='ocrx_word' id='word_1_168' title='bbox 879 2917 1240 3005; x_wconf 80' lang='grc' dir='ltr'><strong><em>αὐθιγενεῖ</em></strong></span> <span class='ocrx_word' id='word_1_169' title='bbox 2086 2942 2225 3011; x_wconf 87' lang='grc' dir='ltr'><strong><em>στρ.</em></strong></span> <span class='ocrx_word' id='word_1_170' title='bbox 2274 2937 2373 2995; x_wconf 81' lang='grc'>895</span> 
     </span>
     <span class='ocr_line' id='line_1_36' title="bbox 604 3014 1503 3109; baseline 0.003 -23"><span class='ocrx_word' id='word_1_171' title='bbox 604 3022 844 3087; x_wconf 77' lang='grc' dir='ltr'><strong><em>τέκνον</em></strong></span> <span class='ocrx_word' id='word_1_172' title='bbox 869 3016 935 3087; x_wconf 84' lang='grc' dir='ltr'><strong><em>σ’</em></strong></span> <span class='ocrx_word' id='word_1_173' title='bbox 968 3015 1416 3109; x_wconf 84' lang='grc' dir='ltr'><strong><em>ὀλοφύρομαι,</em></strong></span> <span class='ocrx_word' id='word_1_174' title='bbox 1449 3014 1503 3089; x_wconf 72' lang='grc' dir='ltr'><em>ὦ</em></span> 
     </span>
     <span class='ocr_line' id='line_1_37' title="bbox 603 3115 1302 3207; baseline 0.001 -19"><span class='ocrx_word' id='word_1_175' title='bbox 603 3117 850 3207; x_wconf 85' lang='grc' dir='ltr'><strong><em>ματρὸς</em></strong></span> <span class='ocrx_word' id='word_1_176' title='bbox 883 3115 1115 3207; x_wconf 73' lang='grc' dir='ltr'><strong><em>ἄλγος,</em></strong></span> <span class='ocrx_word' id='word_1_177' title='bbox 1149 3124 1302 3190; x_wconf 76' lang='grc' dir='ltr'><strong><em>οἵαν</em></strong></span> 
     </span>
     <span class='ocr_line' id='line_1_38' title="bbox 599 3217 1551 3314; baseline 0.005 -23"><span class='ocrx_word' id='word_1_178' title='bbox 599 3228 872 3303; x_wconf 78' lang='grc' dir='ltr'><strong><em>ἔκελσας</em></strong></span> <span class='ocrx_word' id='word_1_179' title='bbox 902 3217 1065 3291; x_wconf 84' lang='grc' dir='ltr'><strong><em>ὁδὸν</em></strong></span> <span class='ocrx_word' id='word_1_180' title='bbox 1093 3222 1242 3291; x_wconf 82' lang='grc' dir='ltr'><strong><em>ποτὶ</em></strong></span> <span class='ocrx_word' id='word_1_181' title='bbox 1281 3232 1551 3314; x_wconf 87' lang='grc' dir='ltr'><strong><em>Τροίαν,</em></strong></span> 
     </span>
     <span class='ocr_line' id='line_1_39' title="bbox 602 3312 1527 3415; baseline 0.004 -22"><span class='ocrx_word' id='word_1_182' title='bbox 602 3312 647 3410; x_wconf 83' lang='grc' dir='ltr'><strong><em>ἦ</em></strong></span> <span class='ocrx_word' id='word_1_183' title='bbox 673 3328 1092 3413; x_wconf 86' lang='grc' dir='ltr'><strong><em>δυσδαίμονα</em></strong></span> <span class='ocrx_word' id='word_1_184' title='bbox 1121 3326 1234 3395; x_wconf 78' lang='grc' dir='ltr'><strong><em>καὶ</em></strong></span> <span class='ocrx_word' id='word_1_185' title='bbox 1264 3329 1527 3415; x_wconf 77' lang='grc' dir='ltr'><strong><em>μελέαν,</em></strong></span> 
     </span>
    </p>

    <p class='ocr_par' dir='ltr' id='par_1_21' title="bbox 981 3444 1756 3501">
     <span class='ocr_line' id='line_1_40' title="bbox 981 3444 1756 3501; baseline -0.001 -1"><span class='ocrx_word' id='word_1_186' title='bbox 981 3445 1099 3500; x_wconf 64' lang='grc'><strong><em>895</em></strong></span> <span class='ocrx_word' id='word_1_187' title='bbox 1122 3472 1188 3481; x_wconf 80' lang='grc'><strong><em>·--</em></strong></span> <span class='ocrx_word' id='word_1_188' title='bbox 1209 3446 1315 3500; x_wconf 81' lang='grc'><strong><em>903</em></strong></span> <span class='ocrx_word' id='word_1_189' title='bbox 1333 3464 1417 3495; x_wconf 88' lang='lat'><strong><em>===</em></strong></span> <span class='ocrx_word' id='word_1_190' title='bbox 1442 3446 1547 3501; x_wconf 84' lang='lat'><strong><em>906</em></strong></span> <span class='ocrx_word' id='word_1_191' title='bbox 1564 3444 1756 3500; x_wconf 73' lang='lat'><strong><em>-914</em></strong></span> 
     </span>
    </p>
   </div>
   <div class='ocr_carea' id='block_1_12' title="bbox 2507 1984 2512 2597">
    <p class='ocr_par' dir='ltr' id='par_1_22' title="bbox 2507 1984 2512 2597">
     <span class='ocr_line' id='line_1_41' title="bbox 2507 1984 2512 2597; baseline 0 0"><span class='ocrx_word' id='word_1_192' title='bbox 2507 1984 2512 2597; x_wconf 95' lang='lat' dir='ltr'><strong><em> </em></strong></span> 
     </span>
    </p>
   </div>
   <div class='ocr_carea' id='block_1_13' title="bbox 2507 3238 2512 3757">
    <p class='ocr_par' dir='ltr' id='par_1_23' title="bbox 2507 3238 2512 3757">
     <span class='ocr_line' id='line_1_42' title="bbox 2507 3238 2512 3757; baseline 0 0"><span class='ocrx_word' id='word_1_193' title='bbox 2507 3238 2512 3757; x_wconf 95' lang='lat' dir='ltr'><strong><em> </em></strong></span> 
     </span>
    </p>
   </div>
  </div>
 </body>
</html>
