2534 3917
789 196 1246 266 ΙΦΙΓΕΝΕΙΑ
1290 194 1356 251 Η
1398 189 1521 249 EN
1558 182 1873 243 ΑΤΛΙΔΙ

575 390 676 469 εἴη
710 378 790 447 δέ
813 402 926 464 μοι
953 372 1188 459 μετρία
1219 364 1345 452 μὲν

571 483 793 573 χάρις,
833 476 1041 548 πόθοι
1073 466 1138 539 δ’
1174 488 1370 550 οσιοι,

576 587 691 657 καὶ
719 583 1053 671 μετέχοιμι
1084 580 1199 651 τᾶς
1223 566 1545 655 Ἀφροδί-
1652 655 1657 660 .

578 716 740 789 τας,
758 678 1014 753 πολλὰν
1043 672 1108 745 δ’
1145 669 1548 756 ἀποθείμαν.

579 778 895 877 διάφοροι
926 781 1002 850 δε
1032 777 1272 869 φύσεις
1299 775 1586 861 βροτῶν,

583 890 898 979 διάφοροι
927 883 1004 953 δὲ
1032 878 1300 973 τρόποι·
1334 871 1407 943 τὸ
1442 868 1508 940 δ’
1545 864 1666 957 ὄρ-

459 1072 461 1075 ,
584 1000 729 1074 &cog
759 982 1011 1059 ἐσθλὸν
1039 981 1249 1071 σαφὲς
1284 975 1418 1043 ἀεί·
1480 984 1482 987 ⁴

586 1099 872 1187 τροφαί
862 1086 939 1158 θ’
973 1092 1051 1157 αἱ
1072 1080 1557 1167 παιδευόμεναι

589 1200 758 1290 μέγα
793 1194 1070 1283 φέρουσ’
1100 1191 1192 1264 εἰς
1221 1184 1346 1247 τὰν
1380 1170 1655 1257 ἀρετάν·

590 1299 665 1373 τό
692 1325 764 1368 τε
791 1323 919 1422 γαρ
947 1298 1290 1361 αἰδεῖσθαι
1316 1289 1545 1371 σοφία,

593 1402 719 1474 τάν
748 1396 808 1468 τ’
847 1392 1382 1477 ἐξαλλάσσουσαν
1416 1390 1549 1472 ἔχει

593 1506 790 1595 χάριν
819 1495 954 1569 ὑπὸ
984 1520 1253 1584 γνωμας
1287 1493 1528 1576 ἐσορᾶν

595 1608 670 1679 τὸ
700 1607 892 1689 δέον,
925 1608 1094 1669 ἔνθα
1124 1594 1287 1677 δόξα
1318 1592 1511 1680 φέρει

599 1711 790 1788 κλέος
823 1701 1161 1793 ἀγήρατον
1191 1700 1405 1785 βιοτᾷ.

597 1816 766 1904 μέγα
794 1835 858 1877 τι
885 1800 1215 1894 θηρεύειν
1248 1793 1517 1887 ἀρετάν,

601 1912 914 2006 γυναιξὶν
945 1908 1068 1999 μὲν
1097 1900 1266 1984 κατὰ
1296 1896 1568 1984 Κύπριν

605 2013 950 2140 κρυπτάν,
985 2014 1060 2081 ἐν
1089 2003 1377 2096 ἀνδράσι
1406 1996 1471 2068 δ’
1508 1998 1598 2066 αὐ

605 2120 852 2206 κόσμος
884 2122 1083 2185 ἔνδον
1115 2108 1150 2178 ὁ
1187 2107 1566 2194 μυριοπλη-

607 2220 741 2309 θὴς
769 2224 968 2306 μείζω
1003 2212 1202 2283 πόλιν
1231 2204 1439 2289 αὔξει.

608 2330 872 2412 ἔμολες,
906 2346 958 2387 ω
990 2314 1239 2403 Πάρις,
1269 2301 1388 2400 ’ᾖτε
1416 2304 1503 2377 σύ
1533 2332 1610 2393 γε

610 2424 936 2515 βουκόλος
964 2417 1323 2543 ἀργενναῖς
1356 2408 1645 2500 ἐτράφης

604 2527 870 2607 Ἰδαίαις
903 2519 1084 2614 παρὰ
1114 2516 1407 2608 μόσχοις,

616 2630 922 2721 βάρβαρα
949 2630 1273 2716 συρίζων,
1307 2623 1631 2708 Φρυγίων

615 2730 847 2805 αύλων
868 2728 1210 2815 Ὀλύμπου
1243 2720 1563 2807 καλάμοις

624 2834 962 2925 μιμήματα
991 2831 1237 2899 πνέων.

623 2934 908 3024 ευθηλοι
938 2934 1013 3002 δε
1053 2931 1381 3020 τρέφοντο
1414 2923 1589 3012 βόες,

620 3070 724 3113 οτι
752 3060 826 3107 σε
854 3042 1069 3125 κρίσις
1102 3038 1304 3120 ἔμηνε
1335 3034 1531 3111 θεᾶν,

627 3142 669 3214 ἅ
699 3138 762 3213 σ’
799 3136 1082 3209 Ελλάδα
1111 3137 1354 3222 πέμπει

623 3254 761 3317 τῶν
791 3238 1333 3330 ἐλεφαντοδέτων
1361 3232 1596 3320 πάροι-

629 3361 762 3418 θεν
792 3344 1060 3433 δόμων,
1091 3336 1164 3421 ὃς
1195 3345 1311 3417 τᾶς
1331 3332 1595 3414 Ἑλένας

631 3455 706 3520 ἐν
739 3444 1068 3525 ἀντωποῖς
1099 3437 1542 3530 βλεφάροισιν

633 3560 845 3642 ἔρωτα
879 3550 1194 3641 δέδωκας9

2067 753 2213 824 chat.

2280 978 2385 1033 560

2284 1487 2387 1543 565

2291 2000 2399 2055 570

2305 2509 2404 2564 575

2318 3024 2417 3081 580

2330 3533 2433 3585 585
