2534 3917
983 859 1621 930 ΕΥΡΙΠΙΔΟΥ

872 1044 977 1124 Μ
1047 1045 1147 1126 H
1213 1043 1290 1124 A
1360 1045 1446 1124 E
1504 1045 1564 1125 1
1624 1045 1744 1131 A.
1808 990 1817 995 ’

1103 1250 1491 1258 --ι-*υ--ν-

303 1402 428 1464 ΤΡ.
515 1393 678 1464 Εἴθ’
720 1392 933 1484 ὄφελ’
967 1393 1246 1485 Ἀργοῦς
1274 1393 1363 1483 μὴ
1397 1394 1809 1464 διαπτάσθαι
1836 1391 2098 1484 σκάφος

524 1497 808 1586 Κόλχων
837 1501 902 1579 ἐς
930 1497 1086 1566 αἶαν
1113 1499 1402 1578 κυανέας
1428 1497 1954 1586 Συμπληγάδας,

521 1597 682 1687 μηδ’
715 1604 789 1669 ἐν
817 1599 1094 1670 νάπαισι
1118 1607 1385 1688 Πηλίου
1412 1617 1646 1670 πεσεῖν
1674 1627 1833 1670 ποτε

523 1713 852 1790 τμηθεῖσα
880 1702 1095 1789 πεύκη
1113 1754 1133 1790 ,
1161 1699 1324 1792 μηδ’
1357 1705 1725 1792 ἐρετμῶσαι
1753 1704 1950 1791 χέρας

519 1801 795 1894 ἀνδρῶν
822 1801 1149 1895 ἀριστέων
1174 1813 1247 1874 οἳ
1267 1803 1343 1873 τὸ
1379 1804 1769 1896 πάγχρυσον
1796 1806 1991 1894 δέρος

519 1915 734 1998 Πελίᾳ
760 1913 1119 1994 μετῆλθον.
1151 1903 1234 1975 οὐ
1262 1905 1393 1997 γὰρ
1422 1901 1507 1975 ἂν
1536 1902 1839 1977 δέσποιν’
1875 1904 1997 1994 ἐμὴ

513 2009 789 2098 Μήδεια
818 2009 1124 2102 πύργους
1148 2014 1271 2097 γῆς
1298 2007 1567 2078 ἔπλευσ’
1594 2007 1889 2092 Ἰωλκίας

521 2118 718 2202 ἔρωτι
745 2110 979 2199 θυμὸν
1006 2107 1391 2200 έκπλαγετσ’
1419 2108 1726 2199 Ἰάσονος,

518 2210 671 2282 οὐδ’
712 2208 797 2282 ἂν
831 2228 1104 2283 κτανεῖν
1130 2219 1415 2283 πείσασα
1441 2214 1780 2293 Πελιάδας
1808 2212 2013 2304 κόρας

518 2319 769 2406 πατέρα
803 2314 1088 2407 κατῴκει
1116 2315 1319 2403 τήνδε
1349 2324 1479 2404 γῆν
1504 2324 1890 2408 Κορινθίαν

514 2415 641 2500 ξὺν
674 2415 876 2508 ἀνδρὶ
903 2421 1016 2487 καὶ
1043 2419 1359 2503 τέκνοισι,
1393 2421 1833 2543 λανθάνουσα
1858 2418 1983 2507 μὲν

516 2526 705 2608 φυγῇ
733 2527 1028 2589 πολιτῶν
1057 2547 1155 2589 ων
1183 2501 1535 2607 ἄφίκετο
1490 2509 1729 2608 χθονα,

515 2618 686 2710 αὐτὴ
712 2626 786 2691 δὲ
814 2621 1032 2690 πάντα
1059 2619 1478 2712 ξυμφέρουσ’
1511 2619 1781 2691 Ἰάσονι·

511 2720 682 2813 ἥπερ
710 2732 987 2812 μεγίστη
1017 2732 1319 2813 γίγνεται
1347 2729 1663 2814 σωτηρία,

508 2822 673 2895 ὅταν
699 2825 874 2915 γυνὴ
906 2823 1074 2917 πρὸς
1102 2823 1321 2916 ἄνδρα
1347 2823 1436 2914 μὴ
1469 2831 1840 2914 διχοστατῇ.

506 2934 640 2998 νῦν
670 2926 737 2998 δ’
778 2926 989 3018 ἐχθρὰ
1014 2928 1262 3016 πάντα,
1294 2929 1409 2997 καὶ
1435 2943 1626 2999 νοσεῖ
1652 2926 1732 2996 τὰ
1762 2934 2066 3016 φίλτατα.

511 3030 809 3119 προδοὺς
842 3029 969 3122 γὰρ
998 3027 1210 3101 αὑτοῦ
1241 3032 1441 3100 τέκνα
1474 3029 1792 3101 δεσπότιν
1818 3027 1877 3099 τ’
1912 3030 2079 3121 ἐμὴν

513 3133 749 3221 γάμοις
771 3131 1004 3203 Ἰάσων
1034 3141 1406 3221 βασιλικοῖς
1438 3131 1803 3221 εὐνάζεται,

509 3234 724 3324 γήμας
750 3236 1086 3326 Κρέοντος
1112 3233 1328 3324 παῖδ’,
1358 3232 1431 3317 ὃς
1458 3243 1753 3328 αἰσυμνᾴ
1779 3235 2028 3325 χθονός
2045 3259 2059 3273 ·

509 3336 786 3425 Μήδεια
821 3334 886 3407 δ’
924 3334 966 3425 ἡ
1003 3338 1332 3427 δύστηνος
1360 3335 1769 3428 ἠτιμασμένη

508 3446 638 3530 βοᾷ
665 3440 792 3527 μὲν
817 3437 1096 3530 ὅρκους,
1125 3437 1454 3510 ἀνακαλεῖ
1479 3441 1555 3510 δὲ
1583 3444 1801 3525 δεξιᾶς

508 3547 735 3612 πίστιν
767 3550 1119 3631 μεγίστην,
1151 3545 1264 3612 καὶ
1293 3542 1501 3624 θεοὺς
1526 3543 1959 3700 μαρτύρεῖοὲι*

2234 2335 2300 2388 10

2229 2847 2294 2900 15

2225 3356 2293 3408 20
