<?xml version="1.0" encoding="UTF-8"?>
<!DOCTYPE html PUBLIC "-//W3C//DTD XHTML 1.0 Transitional//EN"
    "http://www.w3.org/TR/xhtml1/DTD/xhtml1-transitional.dtd">
<html xmlns="http://www.w3.org/1999/xhtml" xml:lang="en" lang="en">
 <head>
  <title>
</title>
<meta http-equiv="Content-Type" content="text/html;charset=utf-8" />
  <meta name='ocr-system' content='tesseract 3.04.00' />
  <meta name='ocr-capabilities' content='ocr_page ocr_carea ocr_par ocr_line ocrx_word'/>
</head>
<body>
  <div class='ocr_page' id='page_1' title='image "./evripidistragoe04eurigoog_0279.png"; bbox 0 0 2534 3917; ppageno 0'>
   <div class='ocr_carea' id='block_1_1' title="bbox 239 181 366 244">
    <p class='ocr_par' dir='ltr' id='par_1_1' title="bbox 239 181 366 244">
     <span class='ocr_line' id='line_1_1' title="bbox 239 181 366 244; baseline 0 0"><span class='ocrx_word' id='word_1_1' title='bbox 239 181 366 244; x_wconf 80' lang='lat'><strong><em>220</em></strong></span> 
     </span>
    </p>
   </div>
   <div class='ocr_carea' id='block_1_2' title="bbox 1059 179 1415 238">
    <p class='ocr_par' dir='ltr' id='par_1_2' title="bbox 1059 179 1415 238">
     <span class='ocr_line' id='line_1_2' title="bbox 1059 179 1415 238; baseline -0.006 0"><span class='ocrx_word' id='word_1_2' title='bbox 1059 179 1415 238; x_wconf 85' lang='grc' dir='ltr'><em>ΜΗΔΕΙΑ</em></span> 
     </span>
    </p>
   </div>
   <div class='ocr_carea' id='block_1_3' title="bbox 471 344 2267 1151">
    <p class='ocr_par' dir='ltr' id='par_1_3' title="bbox 471 344 2267 743">
     <span class='ocr_line' id='line_1_3' title="bbox 471 344 2027 438; baseline -0.002 -20"><span class='ocrx_word' id='word_1_3' title='bbox 471 352 708 436; x_wconf 81' lang='grc' dir='ltr'><strong><em>πέμψω</em></strong></span> <span class='ocrx_word' id='word_1_4' title='bbox 735 347 864 438; x_wconf 79' lang='grc' dir='ltr'><strong><em>γὰρ</em></strong></span> <span class='ocrx_word' id='word_1_5' title='bbox 893 345 1142 427; x_wconf 75' lang='grc' dir='ltr'><strong><em>αὐτοὺς</em></strong></span> <span class='ocrx_word' id='word_1_6' title='bbox 1176 344 1343 436; x_wconf 90' lang='grc' dir='ltr'><strong><em>δῶρ’</em></strong></span> <span class='ocrx_word' id='word_1_7' title='bbox 1378 353 1649 434; x_wconf 84' lang='grc' dir='ltr'><strong><em>ἔχοντας</em></strong></span> <span class='ocrx_word' id='word_1_8' title='bbox 1676 349 1751 415; x_wconf 84' lang='grc' dir='ltr'><strong><em>ἐν</em></strong></span> <span class='ocrx_word' id='word_1_9' title='bbox 1776 363 2027 436; x_wconf 88' lang='grc' dir='ltr'><strong><em>χεροῖν,</em></strong></span> 
     </span>
     <span class='ocr_line' id='line_1_4' title="bbox 473 445 2267 540; baseline 0.002 -22"><span class='ocrx_word' id='word_1_10' title='bbox 473 451 730 540; x_wconf 76' lang='grc' dir='ltr'><strong><em>[νύμφῃ</em></strong></span> <span class='ocrx_word' id='word_1_11' title='bbox 758 452 1120 540; x_wconf 85' lang='grc' dir='ltr'><strong><em>φέροντας,</em></strong></span> <span class='ocrx_word' id='word_1_12' title='bbox 1153 449 1356 536; x_wconf 86' lang='grc' dir='ltr'><strong><em>τήνδε</em></strong></span> <span class='ocrx_word' id='word_1_13' title='bbox 1381 447 1795 536; x_wconf 75' lang='grc' dir='ltr'><strong><em>μὴφεύγειν</em></strong></span> <span class='ocrx_word' id='word_1_14' title='bbox 1821 445 2091 538; x_wconf 89' lang='grc' dir='ltr'><strong><em>χθόνα,]</em></strong></span> <span class='ocrx_word' id='word_1_15' title='bbox 2151 466 2267 522; x_wconf 81' lang='grc'><strong><em>785</em></strong></span> 
     </span>
     <span class='ocr_line' id='line_1_5' title="bbox 471 549 2016 639; baseline -0.001 -17"><span class='ocrx_word' id='word_1_16' title='bbox 471 553 716 624; x_wconf 87' lang='grc' dir='ltr'><strong><em>λεπτόν</em></strong></span> <span class='ocrx_word' id='word_1_17' title='bbox 749 579 822 623; x_wconf 89' lang='grc' dir='ltr'><strong><em>τε</em></strong></span> <span class='ocrx_word' id='word_1_18' title='bbox 865 554 1118 621; x_wconf 88' lang='grc' dir='ltr'><strong><em>πέπλον</em></strong></span> <span class='ocrx_word' id='word_1_19' title='bbox 1143 552 1257 619; x_wconf 84' lang='grc' dir='ltr'><strong><em>καὶ</em></strong></span> <span class='ocrx_word' id='word_1_20' title='bbox 1285 550 1538 619; x_wconf 77' lang='grc' dir='ltr'><strong><em>πλόκον</em></strong></span> <span class='ocrx_word' id='word_1_21' title='bbox 1564 549 2016 639; x_wconf 79' lang='grc' dir='ltr'><strong><em>χρυσήλατον·</em></strong></span> 
     </span>
     <span class='ocr_line' id='line_1_6' title="bbox 477 650 1885 743; baseline -0.001 -21"><span class='ocrx_word' id='word_1_22' title='bbox 477 651 732 743; x_wconf 72' lang='grc' dir='ltr'><strong><em>κᾶνπερ</em></strong></span> <span class='ocrx_word' id='word_1_23' title='bbox 764 660 1065 742; x_wconf 82' lang='grc' dir='ltr'><strong><em>λαβοῦσα</em></strong></span> <span class='ocrx_word' id='word_1_24' title='bbox 1091 652 1346 740; x_wconf 79' lang='grc' dir='ltr'><strong><em>κόσμον</em></strong></span> <span class='ocrx_word' id='word_1_25' title='bbox 1374 650 1644 741; x_wconf 79' lang='grc' dir='ltr'><strong><em>άμφνθῇ</em></strong></span> <span class='ocrx_word' id='word_1_26' title='bbox 1680 659 1885 741; x_wconf 79' lang='grc' dir='ltr'><strong><em>χροΐ,-</em></strong></span> 
     </span>
    </p>

    <p class='ocr_par' dir='ltr' id='par_1_4' title="bbox 473 749 1916 843">
     <span class='ocr_line' id='line_1_7' title="bbox 473 749 1916 843; baseline -0.001 -19"><span class='ocrx_word' id='word_1_27' title='bbox 473 762 694 835; x_wconf 87' lang='grc' dir='ltr'><strong><em>κακῶς</em></strong></span> <span class='ocrx_word' id='word_1_28' title='bbox 725 752 974 825; x_wconf 78' lang='grc' dir='ltr'><strong><em>ὀλεῖται</em></strong></span> <span class='ocrx_word' id='word_1_29' title='bbox 1001 761 1129 835; x_wconf 77' lang='grc' dir='ltr'><strong><em>πᾶς</em></strong></span> <span class='ocrx_word' id='word_1_30' title='bbox 1156 751 1233 822; x_wconf 86' lang='grc' dir='ltr'><strong><em>θ’</em></strong></span> <span class='ocrx_word' id='word_1_31' title='bbox 1267 750 1341 833; x_wconf 78' lang='grc' dir='ltr'><strong><em>ὃς</em></strong></span> <span class='ocrx_word' id='word_1_32' title='bbox 1369 749 1455 823; x_wconf 75' lang='grc' dir='ltr'><strong><em>ἂν</em></strong></span> <span class='ocrx_word' id='word_1_33' title='bbox 1478 761 1649 843; x_wconf 80' lang='grc' dir='ltr'><strong><em>θίγῃ</em></strong></span> <span class='ocrx_word' id='word_1_34' title='bbox 1680 753 1916 843; x_wconf 81' lang='grc' dir='ltr'><strong><em>κόρης·</em></strong></span> 
     </span>
    </p>

    <p class='ocr_par' dir='ltr' id='par_1_5' title="bbox 471 854 1813 946">
     <span class='ocr_line' id='line_1_8' title="bbox 471 854 1813 946; baseline -0.002 -21"><span class='ocrx_word' id='word_1_35' title='bbox 471 863 760 926; x_wconf 89' lang='grc' dir='ltr'><strong><em>τοιοῖσδε</em></strong></span> <span class='ocrx_word' id='word_1_36' title='bbox 787 864 998 944; x_wconf 85' lang='grc' dir='ltr'><strong><em>χρίσω</em></strong></span> <span class='ocrx_word' id='word_1_37' title='bbox 1031 854 1409 946; x_wconf 86' lang='grc' dir='ltr'><strong><em>φαρμάκοις</em></strong></span> <span class='ocrx_word' id='word_1_38' title='bbox 1437 855 1813 945; x_wconf 89' lang='grc' dir='ltr'><strong><em>δωρήματα.</em></strong></span> 
     </span>
    </p>

    <p class='ocr_par' dir='ltr' id='par_1_6' title="bbox 475 954 2265 1151">
     <span class='ocr_line' id='line_1_9' title="bbox 475 954 2265 1046; baseline 0.002 -20"><span class='ocrx_word' id='word_1_39' title='bbox 475 961 775 1028; x_wconf 78' lang='grc' dir='ltr'><strong><em>ἐνταῦθα</em></strong></span> <span class='ocrx_word' id='word_1_40' title='bbox 794 963 922 1046; x_wconf 68' lang='grc' dir='ltr'><strong><em>μὲν</em></strong></span> <span class='ocrx_word' id='word_1_41' title='bbox 945 960 1028 1046; x_wconf 78' lang='grc' dir='ltr'><strong><em>δὴ</em></strong></span> <span class='ocrx_word' id='word_1_42' title='bbox 1052 954 1240 1029; x_wconf 89' lang='grc' dir='ltr'><strong><em>τόνδ’</em></strong></span> <span class='ocrx_word' id='word_1_43' title='bbox 1275 954 1675 1026; x_wconf 79' lang='grc' dir='ltr'><strong><em>ἆπαλλάσσω</em></strong></span> <span class='ocrx_word' id='word_1_44' title='bbox 1704 955 1909 1044; x_wconf 90' lang='grc' dir='ltr'><strong><em>λόγον</em></strong></span> <span class='ocrx_word' id='word_1_45' title='bbox 1924 979 1939 994; x_wconf 89' lang='grc'><strong><em>·</em></strong></span> <span class='ocrx_word' id='word_1_46' title='bbox 2152 976 2265 1030; x_wconf 86' lang='grc'><strong><em>790</em></strong></span> 
     </span>
     <span class='ocr_line' id='line_1_10' title="bbox 475 1055 1771 1151; baseline -0.001 -24"><span class='ocrx_word' id='word_1_47' title='bbox 475 1057 712 1151; x_wconf 73' lang='grc' dir='ltr'><strong><em>ᾤμωξα</em></strong></span> <span class='ocrx_word' id='word_1_48' title='bbox 740 1056 806 1129; x_wconf 83' lang='grc' dir='ltr'><strong><em>δ’</em></strong></span> <span class='ocrx_word' id='word_1_49' title='bbox 839 1055 986 1150; x_wconf 86' lang='grc' dir='ltr'><strong><em>οἷον</em></strong></span> <span class='ocrx_word' id='word_1_50' title='bbox 1014 1066 1214 1150; x_wconf 78' lang='grc' dir='ltr'><strong><em>ἔργον</em></strong></span> <span class='ocrx_word' id='word_1_51' title='bbox 1243 1056 1379 1128; x_wconf 82' lang='grc' dir='ltr'><strong><em>ἔστ’</em></strong></span> <span class='ocrx_word' id='word_1_52' title='bbox 1414 1061 1771 1148; x_wconf 79' lang='grc' dir='ltr'><strong><em>ἐργαστέον</em></strong></span> 
     </span>
    </p>
   </div>
   <div class='ocr_carea' id='block_1_4' title="bbox 349 1157 1910 1260">
    <p class='ocr_par' dir='ltr' id='par_1_7' title="bbox 349 1157 1910 1260">
     <span class='ocr_line' id='line_1_11' title="bbox 349 1157 1910 1260; baseline -0.001 -31"><span class='ocrx_word' id='word_1_53' title='bbox 349 1253 356 1260; x_wconf 91' lang='lat'><strong><em>.</em></strong></span> <span class='ocrx_word' id='word_1_54' title='bbox 475 1157 894 1231; x_wconf 80' lang='grc' dir='ltr'><strong><em>τούντεῦθεν</em></strong></span> <span class='ocrx_word' id='word_1_55' title='bbox 918 1159 1111 1251; x_wconf 82' lang='grc' dir='ltr'><strong><em>ἡμῖν·</em></strong></span> <span class='ocrx_word' id='word_1_56' title='bbox 1142 1165 1344 1231; x_wconf 86' lang='grc' dir='ltr'><strong><em>τέκνα</em></strong></span> <span class='ocrx_word' id='word_1_57' title='bbox 1369 1160 1498 1251; x_wconf 83' lang='grc' dir='ltr'><strong><em>γὰρ</em></strong></span> <span class='ocrx_word' id='word_1_58' title='bbox 1530 1167 1910 1230; x_wconf 75' lang='grc' dir='ltr'><strong><em>κατακτενῶ</em></strong></span> 
     </span>
    </p>
   </div>
   <div class='ocr_carea' id='block_1_5' title="bbox 255 3097 397 3157">
    <p class='ocr_par' dir='ltr' id='par_1_8' title="bbox 255 3097 397 3157">
     <span class='ocr_line' id='line_1_12' title="bbox 255 3097 397 3157; baseline -0.021 0"><span class='ocrx_word' id='word_1_59' title='bbox 255 3097 397 3157; x_wconf 82' lang='lat' dir='ltr'><strong><em>XO.</em></strong></span> 
     </span>
    </p>
   </div>
   <div class='ocr_carea' id='block_1_6' title="bbox 475 1259 2257 3387">
    <p class='ocr_par' dir='ltr' id='par_1_9' title="bbox 475 1259 1784 1352">
     <span class='ocr_line' id='line_1_13' title="bbox 475 1259 1784 1352; baseline -0.001 -22"><span class='ocrx_word' id='word_1_60' title='bbox 475 1259 631 1349; x_wconf 73' lang='grc' dir='ltr'><strong><em>τᾶμ’</em></strong></span> <span class='ocrx_word' id='word_1_61' title='bbox 656 1284 671 1299; x_wconf 93' lang='grc'><strong><em>·</em></strong></span> <span class='ocrx_word' id='word_1_62' title='bbox 703 1261 889 1345; x_wconf 78' lang='grc' dir='ltr'><strong><em>οὔτις</em></strong></span> <span class='ocrx_word' id='word_1_63' title='bbox 917 1271 1100 1334; x_wconf 80' lang='grc' dir='ltr'><strong><em>ἔστιν</em></strong></span> <span class='ocrx_word' id='word_1_64' title='bbox 1129 1260 1311 1344; x_wconf 80' lang='grc' dir='ltr'><strong><em>ὅστις</em></strong></span> <span class='ocrx_word' id='word_1_65' title='bbox 1339 1263 1784 1352; x_wconf 79' lang='grc' dir='ltr'><strong><em>ἐξαιρήσεται·</em></strong></span> 
     </span>
    </p>

    <p class='ocr_par' dir='ltr' id='par_1_10' title="bbox 485 1361 1692 1452">
     <span class='ocr_line' id='line_1_14' title="bbox 485 1361 1692 1452; baseline -0.001 -19"><span class='ocrx_word' id='word_1_66' title='bbox 485 1363 697 1452; x_wconf 87' lang='grc' dir='ltr'><strong><em>δόμον</em></strong></span> <span class='ocrx_word' id='word_1_67' title='bbox 723 1392 796 1433; x_wconf 90' lang='grc' dir='ltr'><strong><em>τε</em></strong></span> <span class='ocrx_word' id='word_1_68' title='bbox 822 1365 1040 1434; x_wconf 85' lang='grc' dir='ltr'><strong><em>πάντα</em></strong></span> <span class='ocrx_word' id='word_1_69' title='bbox 1066 1361 1380 1452; x_wconf 85' lang='grc' dir='ltr'><strong><em>συγχέασ’</em></strong></span> <span class='ocrx_word' id='word_1_70' title='bbox 1406 1361 1692 1443; x_wconf 85' lang='grc' dir='ltr'><strong><em>Ἰάσονος</em></strong></span> 
     </span>
    </p>

    <p class='ocr_par' dir='ltr' id='par_1_11' title="bbox 477 1464 2249 1656">
     <span class='ocr_line' id='line_1_15' title="bbox 478 1464 2249 1553; baseline -0.001 -20"><span class='ocrx_word' id='word_1_71' title='bbox 478 1468 680 1552; x_wconf 80' lang='grc' dir='ltr'><strong><em>ἔξειμι</em></strong></span> <span class='ocrx_word' id='word_1_72' title='bbox 708 1472 938 1553; x_wconf 80' lang='grc' dir='ltr'><strong><em>γαίας,</em></strong></span> <span class='ocrx_word' id='word_1_73' title='bbox 969 1465 1307 1553; x_wconf 80' lang='grc' dir='ltr'><strong><em>φιλτάτων</em></strong></span> <span class='ocrx_word' id='word_1_74' title='bbox 1336 1471 1599 1534; x_wconf 84' lang='grc' dir='ltr'><strong><em>παίδων</em></strong></span> <span class='ocrx_word' id='word_1_75' title='bbox 1629 1464 1846 1553; x_wconf 81' lang='grc' dir='ltr'><strong><em>φόνον</em></strong></span> <span class='ocrx_word' id='word_1_76' title='bbox 2148 1481 2249 1535; x_wconf 81' lang='lat'><strong><em>795</em></strong></span> 
     </span>
     <span class='ocr_line' id='line_1_16' title="bbox 477 1562 1921 1656; baseline 0 -22"><span class='ocrx_word' id='word_1_77' title='bbox 477 1565 827 1653; x_wconf 89' lang='grc' dir='ltr'><strong><em>φεύγουσα</em></strong></span> <span class='ocrx_word' id='word_1_78' title='bbox 852 1568 967 1636; x_wconf 81' lang='grc' dir='ltr'><strong><em>καὶ</em></strong></span> <span class='ocrx_word' id='word_1_79' title='bbox 991 1562 1182 1636; x_wconf 80' lang='grc' dir='ltr'><strong><em>τλᾶσ’</em></strong></span> <span class='ocrx_word' id='word_1_80' title='bbox 1215 1573 1417 1656; x_wconf 82' lang='grc' dir='ltr'><strong><em>ἔργον</em></strong></span> <span class='ocrx_word' id='word_1_81' title='bbox 1447 1564 1921 1637; x_wconf 76' lang='grc' dir='ltr'><strong><em>ἀνοσιώτατον.</em></strong></span> 
     </span>
    </p>

    <p class='ocr_par' dir='ltr' id='par_1_12' title="bbox 478 1664 2009 1759">
     <span class='ocr_line' id='line_1_17' title="bbox 478 1664 2009 1759; baseline -0.001 -22"><span class='ocrx_word' id='word_1_82' title='bbox 478 1664 562 1737; x_wconf 82' lang='grc' dir='ltr'><strong><em>ού</em></strong></span> <span class='ocrx_word' id='word_1_83' title='bbox 590 1665 718 1757; x_wconf 80' lang='grc' dir='ltr'><strong><em>γὰρ</em></strong></span> <span class='ocrx_word' id='word_1_84' title='bbox 745 1675 1073 1754; x_wconf 80' lang='grc' dir='ltr'><strong><em>γελᾶσθαι</em></strong></span> <span class='ocrx_word' id='word_1_85' title='bbox 1100 1667 1343 1756; x_wconf 85' lang='grc' dir='ltr'><strong><em>τλητὸν</em></strong></span> <span class='ocrx_word' id='word_1_86' title='bbox 1370 1672 1435 1752; x_wconf 78' lang='grc' dir='ltr'><strong><em>ἐξ</em></strong></span> <span class='ocrx_word' id='word_1_87' title='bbox 1465 1672 1763 1759; x_wconf 81' lang='grc' dir='ltr'><strong><em>ἐχθρῶν,</em></strong></span> <span class='ocrx_word' id='word_1_88' title='bbox 1796 1675 2009 1756; x_wconf 89' lang='grc' dir='ltr'><strong><em>φίλαι.</em></strong></span> 
     </span>
    </p>

    <p class='ocr_par' dir='ltr' id='par_1_13' title="bbox 478 1768 1901 1860">
     <span class='ocr_line' id='line_1_18' title="bbox 478 1768 1901 1860; baseline 0 -21"><span class='ocrx_word' id='word_1_89' title='bbox 478 1779 595 1839; x_wconf 75' lang='grc' dir='ltr'><strong><em>ἴτω</em></strong></span> <span class='ocrx_word' id='word_1_90' title='bbox 612 1790 628 1806; x_wconf 99' lang='grc'><strong><em>·</em></strong></span> <span class='ocrx_word' id='word_1_91' title='bbox 656 1776 731 1839; x_wconf 89' lang='grc' dir='ltr'><strong><em>τί</em></strong></span> <span class='ocrx_word' id='word_1_92' title='bbox 745 1798 858 1858; x_wconf 88' lang='grc' dir='ltr'><strong><em>μοι</em></strong></span> <span class='ocrx_word' id='word_1_93' title='bbox 885 1777 1004 1860; x_wconf 79' lang='grc' dir='ltr'><strong><em>ζῆν</em></strong></span> <span class='ocrx_word' id='word_1_94' title='bbox 1029 1774 1305 1860; x_wconf 80' lang='grc' dir='ltr'><strong><em>κέρδος;</em></strong></span> <span class='ocrx_word' id='word_1_95' title='bbox 1344 1768 1501 1840; x_wconf 77' lang='grc' dir='ltr'><strong><em>οὔτε</em></strong></span> <span class='ocrx_word' id='word_1_96' title='bbox 1525 1799 1640 1859; x_wconf 88' lang='grc' dir='ltr'><strong><em>μοι</em></strong></span> <span class='ocrx_word' id='word_1_97' title='bbox 1668 1773 1901 1860; x_wconf 84' lang='grc' dir='ltr'><strong><em>πατρὶς</em></strong></span> 
     </span>
    </p>

    <p class='ocr_par' dir='ltr' id='par_1_14' title="bbox 481 1867 2255 2268">
     <span class='ocr_line' id='line_1_19' title="bbox 481 1867 1923 1961; baseline 0 -21"><span class='ocrx_word' id='word_1_98' title='bbox 481 1867 626 1940; x_wconf 72' lang='grc' dir='ltr'><strong><em>οὔτ’</em></strong></span> <span class='ocrx_word' id='word_1_99' title='bbox 659 1871 840 1952; x_wconf 81' lang='grc' dir='ltr'><strong><em>οἶκος</em></strong></span> <span class='ocrx_word' id='word_1_100' title='bbox 869 1879 1049 1944; x_wconf 86' lang='grc' dir='ltr'><strong><em>ἔστιν</em></strong></span> <span class='ocrx_word' id='word_1_101' title='bbox 1076 1869 1222 1943; x_wconf 76' lang='grc' dir='ltr'><strong><em>οὔτ’</em></strong></span> <span class='ocrx_word' id='word_1_102' title='bbox 1257 1870 1649 1961; x_wconf 81' lang='grc' dir='ltr'><strong><em>ἀποστροφὴ</em></strong></span> <span class='ocrx_word' id='word_1_103' title='bbox 1676 1880 1923 1942; x_wconf 87' lang='grc' dir='ltr'><strong><em>κακῶν.</em></strong></span> 
     </span>
     <span class='ocr_line' id='line_1_20' title="bbox 481 1971 2255 2064; baseline 0.002 -23"><span class='ocrx_word' id='word_1_104' title='bbox 481 1971 868 2064; x_wconf 82' lang='grc' dir='ltr'><strong><em>ἡμάρτανον</em></strong></span> <span class='ocrx_word' id='word_1_105' title='bbox 893 1973 1046 2045; x_wconf 87' lang='grc' dir='ltr'><strong><em>τόθ’</em></strong></span> <span class='ocrx_word' id='word_1_106' title='bbox 1082 1972 1264 2064; x_wconf 78' lang='grc' dir='ltr'><strong><em>ἡνίκ’</em></strong></span> <span class='ocrx_word' id='word_1_107' title='bbox 1302 1978 1740 2062; x_wconf 77' lang='grc' dir='ltr'><strong><em>ἐξελίμπανον</em></strong></span> <span class='ocrx_word' id='word_1_108' title='bbox 2144 1991 2255 2044; x_wconf 85' lang='grc'><strong><em>800</em></strong></span> 
     </span>
     <span class='ocr_line' id='line_1_21' title="bbox 481 2073 2024 2169; baseline 0 -25"><span class='ocrx_word' id='word_1_109' title='bbox 481 2075 731 2163; x_wconf 88' lang='grc' dir='ltr'><strong><em>δόμους</em></strong></span> <span class='ocrx_word' id='word_1_110' title='bbox 758 2077 1145 2169; x_wconf 73' lang='grc' dir='ltr'><strong><em>πατρῴους,</em></strong></span> <span class='ocrx_word' id='word_1_111' title='bbox 1177 2073 1426 2165; x_wconf 78' lang='grc' dir='ltr'><strong><em>ἀνδρὸς</em></strong></span> <span class='ocrx_word' id='word_1_112' title='bbox 1454 2073 1774 2164; x_wconf 85' lang='grc' dir='ltr'><strong><em>Ἕλληνος</em></strong></span> <span class='ocrx_word' id='word_1_113' title='bbox 1802 2075 2024 2163; x_wconf 89' lang='grc' dir='ltr'><strong><em>λόγοις</em></strong></span> 
     </span>
     <span class='ocr_line' id='line_1_22' title="bbox 481 2175 2005 2268; baseline 0 -23"><span class='ocrx_word' id='word_1_114' title='bbox 481 2175 842 2264; x_wconf 80' lang='grc' dir='ltr'><strong><em>πεισθεῖσ’,</em></strong></span> <span class='ocrx_word' id='word_1_115' title='bbox 873 2175 947 2258; x_wconf 77' lang='grc' dir='ltr'><strong><em>ὃς</em></strong></span> <span class='ocrx_word' id='word_1_116' title='bbox 973 2175 1134 2265; x_wconf 82' lang='grc' dir='ltr'><strong><em>ἡμῖν</em></strong></span> <span class='ocrx_word' id='word_1_117' title='bbox 1162 2175 1294 2246; x_wconf 76' lang='grc' dir='ltr'><strong><em>σὺν</em></strong></span> <span class='ocrx_word' id='word_1_118' title='bbox 1324 2183 1467 2268; x_wconf 75' lang='grc' dir='ltr'><strong><em>θεῷ</em></strong></span> <span class='ocrx_word' id='word_1_119' title='bbox 1494 2185 1665 2247; x_wconf 87' lang='grc' dir='ltr'><strong><em>τίσει</em></strong></span> <span class='ocrx_word' id='word_1_120' title='bbox 1693 2183 1913 2265; x_wconf 87' lang='grc' dir='ltr'><strong><em>δίκην.</em></strong></span> <span class='ocrx_word' id='word_1_121' title='bbox 1998 2217 2005 2225; x_wconf 85' lang='grc'><em>·</em></span> 
     </span>
    </p>

    <p class='ocr_par' dir='ltr' id='par_1_15' title="bbox 481 2275 1855 2368">
     <span class='ocr_line' id='line_1_23' title="bbox 481 2275 1855 2368; baseline 0 -23"><span class='ocrx_word' id='word_1_122' title='bbox 481 2275 630 2347; x_wconf 76' lang='grc' dir='ltr'><strong><em>οὔτ’</em></strong></span> <span class='ocrx_word' id='word_1_123' title='bbox 665 2281 730 2360; x_wconf 81' lang='grc' dir='ltr'><strong><em>ἐξ</em></strong></span> <span class='ocrx_word' id='word_1_124' title='bbox 759 2281 924 2366; x_wconf 79' lang='grc' dir='ltr'><strong><em>ἐμοῦ</em></strong></span> <span class='ocrx_word' id='word_1_125' title='bbox 953 2277 1082 2368; x_wconf 77' lang='grc' dir='ltr'><strong><em>γὰρ</em></strong></span> <span class='ocrx_word' id='word_1_126' title='bbox 1113 2284 1356 2359; x_wconf 85' lang='grc' dir='ltr'><strong><em>παῖδας</em></strong></span> <span class='ocrx_word' id='word_1_127' title='bbox 1384 2277 1628 2361; x_wconf 73' lang='grc' dir='ltr'><strong><em>ὄψεταί</em></strong></span> <span class='ocrx_word' id='word_1_128' title='bbox 1649 2305 1809 2348; x_wconf 89' lang='grc' dir='ltr'><strong><em>ποτε</em></strong></span> <span class='ocrx_word' id='word_1_129' title='bbox 1850 2338 1855 2344; x_wconf 91' lang='grc'><strong><em>.</em></strong></span> 
     </span>
    </p>

    <p class='ocr_par' dir='ltr' id='par_1_16' title="bbox 481 2378 1767 2471">
     <span class='ocr_line' id='line_1_24' title="bbox 481 2378 1767 2471; baseline 0.003 -25"><span class='ocrx_word' id='word_1_130' title='bbox 481 2384 726 2460; x_wconf 80' lang='grc' dir='ltr'><strong><em>ζῶντας</em></strong></span> <span class='ocrx_word' id='word_1_131' title='bbox 752 2378 825 2447; x_wconf 89' lang='grc' dir='ltr'><strong><em>τὸ</em></strong></span> <span class='ocrx_word' id='word_1_132' title='bbox 854 2379 1092 2449; x_wconf 87' lang='grc' dir='ltr'><strong><em>λοιπὸν</em></strong></span> <span class='ocrx_word' id='word_1_133' title='bbox 1121 2378 1278 2451; x_wconf 73' lang='grc' dir='ltr'><strong><em>οὔτε</em></strong></span> <span class='ocrx_word' id='word_1_134' title='bbox 1304 2388 1419 2471; x_wconf 83' lang='grc' dir='ltr'><strong><em>τῆς</em></strong></span> <span class='ocrx_word' id='word_1_135' title='bbox 1443 2382 1767 2469; x_wconf 77' lang='grc' dir='ltr'><strong><em>νεοζύγου</em></strong></span> 
     </span>
    </p>

    <p class='ocr_par' dir='ltr' id='par_1_17' title="bbox 478 2479 2255 2777">
     <span class='ocr_line' id='line_1_25' title="bbox 478 2479 2255 2572; baseline 0.001 -24"><span class='ocrx_word' id='word_1_136' title='bbox 478 2479 750 2568; x_wconf 83' lang='grc' dir='ltr'><strong><em>νύμφης</em></strong></span> <span class='ocrx_word' id='word_1_137' title='bbox 775 2481 1091 2551; x_wconf 81' lang='grc' dir='ltr'><strong><em>τεκνῶσει</em></strong></span> <span class='ocrx_word' id='word_1_138' title='bbox 1121 2480 1336 2571; x_wconf 83' lang='grc' dir='ltr'><strong><em>παῖδ’,</em></strong></span> <span class='ocrx_word' id='word_1_139' title='bbox 1365 2486 1509 2554; x_wconf 80' lang='grc' dir='ltr'><strong><em>ἐπεὶ</em></strong></span> <span class='ocrx_word' id='word_1_140' title='bbox 1536 2482 1751 2572; x_wconf 83' lang='grc' dir='ltr'><strong><em>κακὴν</em></strong></span> <span class='ocrx_word' id='word_1_141' title='bbox 1778 2489 1998 2562; x_wconf 87' lang='grc' dir='ltr'><strong><em>κακῶς</em></strong></span> <span class='ocrx_word' id='word_1_142' title='bbox 2152 2500 2255 2552; x_wconf 81' lang='grc'><strong><em>805</em></strong></span> 
     </span>
     <span class='ocr_line' id='line_1_26' title="bbox 480 2580 1999 2674; baseline 0 -23"><span class='ocrx_word' id='word_1_143' title='bbox 480 2593 726 2652; x_wconf 89' lang='grc' dir='ltr'><strong><em>θανεῖν</em></strong></span> <span class='ocrx_word' id='word_1_144' title='bbox 751 2580 873 2672; x_wconf 82' lang='grc' dir='ltr'><strong><em>σφ’</em></strong></span> <span class='ocrx_word' id='word_1_145' title='bbox 907 2581 1163 2673; x_wconf 78' lang='grc' dir='ltr'><strong><em>ἀνάγκη</em></strong></span> <span class='ocrx_word' id='word_1_146' title='bbox 1193 2601 1331 2666; x_wconf 78' lang='grc' dir='ltr'><strong><em>τοῖς</em></strong></span> <span class='ocrx_word' id='word_1_147' title='bbox 1359 2589 1573 2674; x_wconf 79' lang='grc' dir='ltr'><strong><em>ἐμοῖσι</em></strong></span> <span class='ocrx_word' id='word_1_148' title='bbox 1602 2584 1999 2674; x_wconf 85' lang='grc' dir='ltr'><strong><em>φαρμάκοις.</em></strong></span> 
     </span>
     <span class='ocr_line' id='line_1_27' title="bbox 480 2686 1793 2777; baseline 0 -22"><span class='ocrx_word' id='word_1_149' title='bbox 480 2691 714 2774; x_wconf 91' lang='grc' dir='ltr'><strong><em>μηδείς</em></strong></span> <span class='ocrx_word' id='word_1_150' title='bbox 737 2713 822 2773; x_wconf 85' lang='grc' dir='ltr'><strong><em>με</em></strong></span> <span class='ocrx_word' id='word_1_151' title='bbox 849 2687 1120 2776; x_wconf 81' lang='grc' dir='ltr'><strong><em>φαύλην</em></strong></span> <span class='ocrx_word' id='word_1_152' title='bbox 1147 2686 1449 2776; x_wconf 81' lang='grc' dir='ltr'><strong><em>κάσθενῆ</em></strong></span> <span class='ocrx_word' id='word_1_153' title='bbox 1476 2691 1793 2777; x_wconf 79' lang='grc' dir='ltr'><strong><em>νομιζέτω</em></strong></span> 
     </span>
    </p>

    <p class='ocr_par' dir='ltr' id='par_1_18' title="bbox 479 2785 1856 2880">
     <span class='ocr_line' id='line_1_28' title="bbox 479 2785 1856 2880; baseline 0.001 -24"><span class='ocrx_word' id='word_1_154' title='bbox 479 2785 638 2874; x_wconf 86' lang='grc' dir='ltr'><strong><em>μηδ’</em></strong></span> <span class='ocrx_word' id='word_1_155' title='bbox 669 2785 1033 2877; x_wconf 80' lang='grc' dir='ltr'><strong><em>ἦσυχαίαν,</em></strong></span> <span class='ocrx_word' id='word_1_156' title='bbox 1063 2788 1230 2859; x_wconf 83' lang='grc' dir='ltr'><strong><em>ἀλλὰ</em></strong></span> <span class='ocrx_word' id='word_1_157' title='bbox 1257 2792 1553 2880; x_wconf 83' lang='grc' dir='ltr'><strong><em>θατέρου</em></strong></span> <span class='ocrx_word' id='word_1_158' title='bbox 1580 2789 1856 2878; x_wconf 85' lang='grc' dir='ltr'><strong><em>τρόπου,</em></strong></span> 
     </span>
    </p>

    <p class='ocr_par' dir='ltr' id='par_1_19' title="bbox 483 2888 1844 2980">
     <span class='ocr_line' id='line_1_29' title="bbox 483 2888 1844 2980; baseline 0.003 -24"><span class='ocrx_word' id='word_1_159' title='bbox 483 2895 765 2976; x_wconf 86' lang='grc' dir='ltr'><strong><em>βαρεῖαν</em></strong></span> <span class='ocrx_word' id='word_1_160' title='bbox 794 2894 1059 2980; x_wconf 80' lang='grc' dir='ltr'><strong><em>ἐχθροῖς</em></strong></span> <span class='ocrx_word' id='word_1_161' title='bbox 1089 2894 1202 2961; x_wconf 82' lang='grc' dir='ltr'><strong><em>καὶ</em></strong></span> <span class='ocrx_word' id='word_1_162' title='bbox 1230 2898 1536 2977; x_wconf 87' lang='grc' dir='ltr'><strong><em>φίλοισιν</em></strong></span> <span class='ocrx_word' id='word_1_163' title='bbox 1564 2888 1811 2979; x_wconf 78' lang='grc' dir='ltr'><strong><em>εὐμενῆ</em></strong></span> <span class='ocrx_word' id='word_1_164' title='bbox 1830 2913 1844 2927; x_wconf 94' lang='grc'><strong><em>·</em></strong></span> 
     </span>
    </p>

    <p class='ocr_par' dir='ltr' id='par_1_20' title="bbox 482 2988 2257 3183">
     <span class='ocr_line' id='line_1_30' title="bbox 482 2988 2257 3082; baseline 0.001 -26"><span class='ocrx_word' id='word_1_165' title='bbox 482 2996 618 3056; x_wconf 87' lang='grc' dir='ltr'><strong><em>τῶν</em></strong></span> <span class='ocrx_word' id='word_1_166' title='bbox 645 2988 773 3078; x_wconf 83' lang='grc' dir='ltr'><strong><em>γὰρ</em></strong></span> <span class='ocrx_word' id='word_1_167' title='bbox 806 2990 1131 3061; x_wconf 81' lang='grc' dir='ltr'><strong><em>τοιούτων</em></strong></span> <span class='ocrx_word' id='word_1_168' title='bbox 1161 2989 1628 3082; x_wconf 67' lang='grc' dir='ltr'><strong><em>εύκλεέσταςος</em></strong></span> <span class='ocrx_word' id='word_1_169' title='bbox 1656 3000 1821 3081; x_wconf 89' lang='grc' dir='ltr'><strong><em>βίος.</em></strong></span> <span class='ocrx_word' id='word_1_170' title='bbox 2152 3009 2257 3062; x_wconf 85' lang='grc'><strong><em>810</em></strong></span> 
     </span>
     <span class='ocr_line' id='line_1_31' title="bbox 486 3087 1813 3183; baseline 0.005 -26"><span class='ocrx_word' id='word_1_171' title='bbox 486 3094 758 3179; x_wconf 80' lang='grc' dir='ltr'><strong><em>ἐπείπερ</em></strong></span> <span class='ocrx_word' id='word_1_172' title='bbox 785 3087 948 3178; x_wconf 81' lang='grc' dir='ltr'><strong><em>ἡμῖν</em></strong></span> <span class='ocrx_word' id='word_1_173' title='bbox 974 3091 1159 3162; x_wconf 86' lang='grc' dir='ltr'><strong><em>τόνδ’</em></strong></span> <span class='ocrx_word' id='word_1_174' title='bbox 1194 3097 1559 3175; x_wconf 86' lang='grc' dir='ltr'><strong><em>ἐκοίνωσας</em></strong></span> <span class='ocrx_word' id='word_1_175' title='bbox 1585 3095 1813 3183; x_wconf 84' lang='grc' dir='ltr'><strong><em>λόγον,</em></strong></span> 
     </span>
    </p>

    <p class='ocr_par' dir='ltr' id='par_1_21' title="bbox 483 3187 1985 3387">
     <span class='ocr_line' id='line_1_32' title="bbox 485 3187 1985 3285; baseline 0.002 -26"><span class='ocrx_word' id='word_1_176' title='bbox 485 3193 564 3259; x_wconf 90' lang='grc' dir='ltr'><strong><em>σέ</em></strong></span> <span class='ocrx_word' id='word_1_177' title='bbox 585 3187 646 3260; x_wconf 87' lang='grc' dir='ltr'><strong><em>τ’</em></strong></span> <span class='ocrx_word' id='word_1_178' title='bbox 681 3187 972 3280; x_wconf 73' lang='grc' dir='ltr'><strong><em>ὠφελεῖν</em></strong></span> <span class='ocrx_word' id='word_1_179' title='bbox 999 3196 1297 3263; x_wconf 82' lang='grc' dir='ltr'><strong><em>θέλουσα</em></strong></span> <span class='ocrx_word' id='word_1_180' title='bbox 1324 3198 1438 3264; x_wconf 85' lang='grc' dir='ltr'><strong><em>καὶ</em></strong></span> <span class='ocrx_word' id='word_1_181' title='bbox 1462 3197 1693 3284; x_wconf 88' lang='grc' dir='ltr'><strong><em>νόμοις</em></strong></span> <span class='ocrx_word' id='word_1_182' title='bbox 1720 3201 1985 3285; x_wconf 87' lang='grc' dir='ltr'><strong><em>βροτῶν</em></strong></span> 
     </span>
     <span class='ocr_line' id='line_1_33' title="bbox 483 3293 1919 3387; baseline 0.002 -27"><span class='ocrx_word' id='word_1_183' title='bbox 483 3293 1041 3381; x_wconf 80' lang='grc' dir='ltr'><strong><em>ξυλλαμβάνουσα</em></strong></span> <span class='ocrx_word' id='word_1_184' title='bbox 1067 3302 1238 3387; x_wconf 83' lang='grc' dir='ltr'><strong><em>δρᾶν</em></strong></span> <span class='ocrx_word' id='word_1_185' title='bbox 1265 3294 1329 3366; x_wconf 87' lang='grc' dir='ltr'><strong><em>σ’</em></strong></span> <span class='ocrx_word' id='word_1_186' title='bbox 1363 3294 1713 3367; x_wconf 77' lang='grc' dir='ltr'><strong><em>ἀπεννέπω</em></strong></span> <span class='ocrx_word' id='word_1_187' title='bbox 1742 3299 1919 3368; x_wconf 87' lang='grc' dir='ltr'><strong><em>τάδε.</em></strong></span> 
     </span>
    </p>
   </div>
   <div class='ocr_carea' id='block_1_7' title="bbox 255 3391 1974 3488">
    <p class='ocr_par' dir='ltr' id='par_1_22' title="bbox 255 3391 1974 3488">
     <span class='ocr_line' id='line_1_34' title="bbox 255 3391 1974 3488; baseline 0.002 -26"><span class='ocrx_word' id='word_1_188' title='bbox 255 3399 422 3462; x_wconf 89' lang='grc' dir='ltr'><strong><em>ΜΗ.</em></strong></span> <span class='ocrx_word' id='word_1_189' title='bbox 479 3391 606 3463; x_wconf 82' lang='grc' dir='ltr'><strong><em>οὐκ</em></strong></span> <span class='ocrx_word' id='word_1_190' title='bbox 635 3401 816 3464; x_wconf 84' lang='grc' dir='ltr'><strong><em>ἔστιν</em></strong></span> <span class='ocrx_word' id='word_1_191' title='bbox 845 3393 1089 3479; x_wconf 69' lang='grc' dir='ltr'><strong><em>ἄλλως·</em></strong></span> <span class='ocrx_word' id='word_1_192' title='bbox 1121 3403 1228 3468; x_wconf 83' lang='grc' dir='ltr'><strong><em>σοὶ</em></strong></span> <span class='ocrx_word' id='word_1_193' title='bbox 1256 3400 1335 3468; x_wconf 74' lang='grc' dir='ltr'><strong><em>δὲ</em></strong></span> <span class='ocrx_word' id='word_1_194' title='bbox 1360 3400 1723 3488; x_wconf 75' lang='grc' dir='ltr'><strong><em>συγγνώμη</em></strong></span> <span class='ocrx_word' id='word_1_195' title='bbox 1752 3403 1974 3486; x_wconf 83' lang='grc' dir='ltr'><strong><em>λέγειν</em></strong></span> 
     </span>
    </p>
   </div>
   <div class='ocr_carea' id='block_1_8' title="bbox 482 3493 2259 3587">
    <p class='ocr_par' dir='ltr' id='par_1_23' title="bbox 482 3493 2259 3587">
     <span class='ocr_line' id='line_1_35' title="bbox 482 3493 2259 3587; baseline -0.001 -23"><span class='ocrx_word' id='word_1_196' title='bbox 482 3493 630 3565; x_wconf 84' lang='grc' dir='ltr'><strong><em>τάδ’</em></strong></span> <span class='ocrx_word' id='word_1_197' title='bbox 664 3499 833 3585; x_wconf 81' lang='grc' dir='ltr'><strong><em>ἐστί,</em></strong></span> <span class='ocrx_word' id='word_1_198' title='bbox 863 3497 952 3586; x_wconf 83' lang='grc' dir='ltr'><strong><em>μὴ</em></strong></span> <span class='ocrx_word' id='word_1_199' title='bbox 983 3500 1369 3587; x_wconf 89' lang='grc' dir='ltr'><strong><em>πάσχουσαν</em></strong></span> <span class='ocrx_word' id='word_1_200' title='bbox 1398 3497 1485 3579; x_wconf 78' lang='grc' dir='ltr'><strong><em>ὥς</em></strong></span> <span class='ocrx_word' id='word_1_201' title='bbox 1512 3498 1643 3586; x_wconf 72' lang='grc' dir='ltr'><strong><em>ἐγώ</em></strong></span> <span class='ocrx_word' id='word_1_202' title='bbox 1670 3504 1909 3579; x_wconf 81' lang='grc' dir='ltr'><strong><em>κακῶς.</em></strong></span> <span class='ocrx_word' id='word_1_203' title='bbox 2156 3515 2259 3568; x_wconf 74' lang='lat'><strong><em>815</em></strong></span> 
     </span>
    </p>
   </div>
  </div>
 </body>
</html>
