2534 3917
257 2708 397 2770 XO.

259 3010 405 3073 HA.

1083 184 1468 245 οΡΕΣΤΗΣ
2128 174 2256 249 ’279

478 350 642 441 ὑμῖν
667 348 949 442 ἀμύνων
977 350 1184 423 οὐδὲν
1211 342 1423 440 ἧσσον
1448 346 1493 439 ἢ
1522 354 1723 444 πατρὶ

480 446 741 525 ἔκτεινα
765 450 1022 545 μητέρ’.
1057 460 1120 524 εἰ
1143 452 1274 546 γὰρ
1305 450 1610 543 ἀρσένων
1641 455 1851 542 φόνος
2153 473 2253 527 935

476 563 659 627 ἔσται
688 558 998 647 γυναιξὶν
1025 551 1238 644 ὅσιος,
1271 552 1355 625 ού
1387 553 1703 644 φθάνοιτ’
1736 555 1835 627 ἔτ’
1870 553 1955 626 ἄν

479 658 924 748 θνήσκοντες,
954 652 998 745 ἦ
1023 660 1291 748 γυναιξὶ
1321 656 1677 729 δουλεύειν
1702 660 1953 750 χρεών·

476 758 879 831 τούναντίον
908 759 983 829 δὲ
1013 758 1279 852 δράσετ’
1314 755 1359 848 ἢ
1387 765 1631 851 δρᾶσαι
1656 761 1894 851 χρεών.

481 869 615 931 νῦν
642 864 768 952 μὲν
794 860 922 952 γὰρ
951 858 993 950 ἡ
1022 869 1372 953 προδοῦσα
1402 860 1623 953 λέκτρ’
1660 866 1824 953 ἐμοῦ
1852 861 2099 955 πατρὸς

478 966 841 1054 τέθνηκεν·
881 970 945 1033 εἰ
969 965 1046 1034 δὲ
1074 963 1159 1052 δὴ
1187 967 1651 1035 κατακτενεῖτέ
1673 993 1777 1054 με,
2153 983 2256 1036 940

471 1064 510 1137 ὁ
538 1064 744 1155 νόμος
777 1064 1067 1155 ἀνεῖται,
1103 1064 1230 1137 κού
1263 1066 1522 1156 φθάνοι
1553 1067 1881 1155 θνήσκων
1908 1096 2005 1148 τις
2033 1064 2138 1155 ἄν,

479 1164 572 1250 ὥς
600 1177 715 1257 τῆς
743 1197 822 1258 γε
855 1168 1098 1257 τόλμης
1125 1164 1209 1238 οὗ
1237 1168 1478 1249 σπάνις
1505 1170 1873 1258 γενήσεται.

481 1268 634 1341 ἀλλ’
669 1267 797 1342 ούκ
827 1267 1051 1341 ἔπειθ’
1086 1266 1357 1361 ὅμιλον,
1390 1261 1471 1341 εύ
1499 1276 1725 1339 δοκῶν
1752 1274 1992 1359 λέγειν.

475 1380 634 1465 νικᾷ
663 1371 727 1442 δ’
764 1378 1018 1454 ἐκεῖνος
1046 1369 1083 1443 ὁ
1113 1372 1317 1454 κακὸς
1344 1377 1419 1443 ἐν
1450 1373 1698 1462 πλήθει
1726 1376 1963 1463 λέγων,

481 1471 554 1557 ὃς
581 1472 871 1567 ἠγόρευε
899 1475 1349 1565 σύγγονον-σέ
1376 1503 1446 1545 τε
1475 1490 1766 1545 κτανεῖν.
2154 1493 2255 1547 945

473 1576 667 1665 μόλις
701 1574 766 1646 δ’
804 1586 1024 1650 ἔπεισε
1050 1575 1139 1667 μὴ
1171 1576 1623 1670 πετρούμενος
1650 1588 1895 1647 θανεῖν

482 1679 749 1768 τλήμων
769 1677 1106 1773 Ὀρέστης·
1137 1679 1476 1771 αὐτόχειρι
1507 1680 1583 1750 δὲ
1609 1688 1836 1770 σφαγῇ

484 1778 798 1869 ὑπέσχετ’
830 1786 904 1852 ἐν
934 1779 1083 1872 τῇδ’
1116 1779 1331 1873 ἡμέρᾳ
1365 1789 1624 1865 λείψειν
1651 1788 1806 1869 βίον

483 1881 614 1954 σὺν
641 1891 766 1953 σοί.
805 1882 1079 1974 πορεύει
1109 1880 1174 1952 δ’
1211 1879 1423 1953 αὐτὸν
1450 1881 1790 1971 ἐκκλήτων
1823 1878 1952 1951 ἄπο

481 1985 804 2075 Πυλάδης
831 1984 1181 2077 δακρύων·
1214 1983 1345 2054 σὺν
1376 1980 1448 2053 δ’
1483 1981 1891 2076 ὁμαρτοῦσιν
1925 1992 2111 2073 φίλοι
2154 2002 2256 2055 950

480 2095 822 2168 κλαίοντες
849 2093 1321 2176 οἰκτείροντες·
1353 2093 1612 2178 ἔρχεται
1639 2088 1721 2154 δέ
1744 2106 1863 2161 σοι,

485 2187 728 2280 πικρὸν
756 2192 978 2277 θέαμα
1008 2190 1120 2259 καὶ
1148 2188 1474 2280 πρόσοψις
1503 2185 1730 2257 ἀθλία.

485 2288 631 2360 ἀλλ’
672 2288 1011 2382 εὐτρέπιζε
1040 2288 1336 2382 φάσγαν’
1373 2285 1420 2379 ἦ
1445 2290 1697 2382 βρόχον
1727 2292 1910 2380 δέρῃ,

487 2388 575 2473 ὡς
609 2400 719 2464 δεῖ
737 2401 958 2463 λιπεῖν
990 2414 1066 2463 σε
1094 2396 1369 2483 φέγγος·
1403 2390 1718 2482 ηὑγένειά
1746 2393 1831 2462 δὲ.

488 2488 694 2566 οὐδέν
723 2491 787 2564 σ’
818 2499 1284 2583 ἐπωφέλησεν,
1316 2491 1469 2564 οὐδ’
1502 2492 1539 2564 ὁ
1565 2493 1835 2574 Πύθιος
2153 2510 2253 2563 955

484 2602 769 2687 τρίποδα
797 2604 1097 2681 καθίζων
1127 2604 1409 2685 Φοῖβος,
1440 2593 1587 2666 ἀλλ’
1621 2595 1984 2667 ἀπώλεσεν.

480 2690 534 2767 ὦ
562 2698 971 2769 δυστάλαινα
1005 2695 1320 2788 παρθέν’,
1352 2694 1439 2778 ὥς
1467 2696 1837 2787 ξυνηρεφὲς

491 2800 853 2892 πρόσωπον
881 2807 975 2881 εἰς
1004 2806 1136 2887 γῆν
1167 2798 1292 2868 σὸν
1321 2795 1603 2886 βαλοῦσ’
1636 2794 1985 2888 ἄφθογγος
2022 2796 2099 2884 εἶ,

488 2900 578 2983 ὥς
609 2910 702 2984 είς
731 2899 1143 2991 στεναγμοὺς
1171 2902 1286 2970 καὶ
1318 2901 1522 2990 γόους
1550 2903 1999 2992 δραμουμένη.

487 3004 896 3096 κατάρχομαι
926 3004 1333 3094 στεναγμόν,
1370 2993 1427 3073 ὦ
1449 3011 1815 3093 Πελασγία,
1974 3024 2112 3091 στρ.
2156 3017 2263 3070 960

486 3116 752 3177 τιθεῖσα
784 3104 1032 3178 λευκὸν
1057 3102 1269 3195 ὄνυχα
1297 3104 1410 3176 διὰ
1437 3112 1809 3198 παρηίδων,

495 3215 524 3257 *
568 3206 934 3294 αἱματηρὸν
959 3206 1146 3296 ὅταν,

488 3308 753 3379 κτύπον
777 3338 849 3379 τε
875 3310 1149 3401 κρατός,
1187 3306 1268 3379 ὃν
1298 3306 1479 3397 ἔλαχ’
1515 3308 1558 3379 ἁ
1590 3308 1758 3379 κατὰ
1788 3307 2036 3396 χθονὸς

491 3412 828 3501 νερτέρων
858 3418 1210 3493 καλλίπαις
1238 3414 1522 3483 ἄνασσα.

887 3530 1201 3587 960--970
1221 3550 1309 3577 =
1335 3529 1639 3587 971-981
