2534 3917
270 189 357 251 ‘92

282 2098 419 2160 XO.

286 2301 397 2361 [Φ.

723 191 1177 248 ΙΦΙΓΕΝΕΙΑ
1216 191 1289 247 H
1317 191 1430 248 EN
1477 191 1839 250 ΤΑΤΡΟΙΣ

511 355 663 428 ὅσαι
692 356 756 429 δ’
798 355 1127 448 Ἐρινύων
1155 357 1282 429 οὐκ
1314 363 1731 447 ἐπείσθησαν
1757 362 1966 456 νόμω,
2189 381 2300 440 970

510 459 782 551 δρόμοις
810 458 1276 552 ἀνιδρύτοισιν
1305 459 1682 551 ἠλάστρουν
1707 459 1782 550 μ’
1819 461 1945 553 άεί,

508 567 633 643 ἕως
660 567 726 643 ἐς
754 559 967 651 ἁγνὸν
994 553 1213 651 ἦλθον
1244 555 1337 633 αὖ
1364 570 1624 651 Φοίβου
1652 567 1881 654 πέδον,

510 666 625 733 καὶ
654 664 959 754 πρόσθεν
987 663 1257 734 ἀδύτων
1287 669 1617 751 ἐκταθείς,
1647 672 1877 754 νῆστις
1904 677 2133 760 βορᾶς,

508 764 797 854 ἐπῶμοσ’
833 763 1045 836 αὐτοῦ
1070 775 1224 856 βίον
1251 764 1653 858 ἀπορρήξειν
1683 770 1942 858 θανών,
2035 801 2042 805 ·

510 875 573 937 εἰ
594 869 684 956 μή
709 896 791 956 με
818 868 1019 940 σῶσει
1049 877 1315 957 Φοῖβος,
1345 867 1418 949 ὅς
1437 867 1522 957 ,μ’
1557 866 1919 941 άπῶλεσεν.
2190 893 2298 950 975

508 974 836 1040 ἐντεῦθεν
864 967 1085 1058 αὐδὴν
1115 978 1431 1062 τρίποδος
1461 975 1534 1040 ἐκ
1560 980 1818 1062 χρυσοῦ
1846 973 2074 1046 λακῶν

509 1071 756 1160 Φοῖβός
782 1069 855 1160 μ’
890 1079 1142 1161 ἔπεμψε
1170 1079 1410 1163 δεῦρο,
1443 1073 1742 1154 διοπετὲς
1769 1083 2003 1165 λαβεῖν

509 1169 752 1262 ἄγαλμ’
780 1172 1095 1264 Ἀθηνῶν
1121 1172 1183 1243 τ’
1215 1179 1705 1265 ἐγκαθιδρῦσαι
1733 1187 1956 1263 χθονί.

509 1271 657 1345 ἀλλ’
691 1273 905 1367 ἥνπερ
936 1273 1097 1366 ἡμῖν
1124 1274 1371 1368 ῶρισεν
1402 1285 1760 1366 σωτηρίαν,

510 1378 928 1468 σύμπραξον·
958 1375 1046 1466 ἦν
1074 1377 1201 1467 γὰρ
1230 1385 1398 1460 θεᾶς
1430 1377 1856 1467 κατάσχωμεν
1884 1385 2142 1472 βρέτας,
2183 1399 2290 1455 980

505 1487 768 1566 μανιῶν
797 1508 868 1550 τε
895 1481 1066 1568 λήξω
1096 1483 1209 1551 καὶ
1235 1481 1312 1550 σε
1337 1480 1716 1574 πολυκώπῳ
1742 1484 1986 1572 σκάφει

509 1589 771 1662 στείλας
798 1583 1159 1670 Μυκήναις
1186 1583 1648 1672 ἐγκαταστήσω
1677 1585 1898 1655 πάλιν.

506 1681 653 1753 ἀλλ’
688 1675 743 1752 ῶ
771 1682 1146 1774 φιληθεῖσ’,
1177 1677 1234 1754 ῶ
1258 1693 1665 1774 κασίγνητον
1693 1689 1886 1776 κάρα,

507 1793 729 1854 σῶσον
758 1795 1071 1880 πατρῷον
1097 1786 1319 1875 οἷκον,
1355 1795 1650 1858 ἔκσωσον
1677 1787 1742 1858 δ’
1776 1793 1895 1878 ἐμέ
1908 1813 1922 1828 ·

508 1883 597 1966 ῶς
626 1885 782 1976 τᾶμ’
808 1885 1022 1960 ὄλωλε
1048 1890 1265 1961 πάντα
1293 1893 1406 1960 καὶ
1434 1889 1516 1959 τὰ
1541 1898 1966 1979 Πελοπιδῶν,
2191 1911 2294 1967 985

504 1986 828 2077 οὐράνιον
862 1999 925 2061 εἰ
950 1991 1039 2081 μὴ
1070 1991 1466 2082 ληψόμεσθα
1492 1999 1658 2073 θεᾶς
1685 1996 1944 2082 βρέτας.

504 2093 695 2180 δεινή
722 2121 823 2173 τις
849 2091 1017 2184 ὀργὴ
1045 2093 1390 2183 δαιμόνων
1417 2097 1678 2178 ἐπέζεσε

508 2193 583 2262 τὸ
622 2195 1025 2264 Ταντάλειον
1051 2199 1312 2286 σπέρμα
1341 2194 1454 2264 διὰ
1484 2197 1714 2266 πόνων
1739 2195 1798 2264 τ’
1833 2195 2000 2284 ἄγει.

505 2295 579 2364 τὸ
607 2295 733 2382 μὲν
760 2296 1151 2385 πρόθυμον,
1182 2304 1346 2387 πρίν
1373 2318 1449 2366 σε
1476 2296 1669 2389 δεῦρ’
1704 2302 1955 2388 ἐλθεῖν,
1989 2295 2137 2388 ἔχω’

490 2394 719 2476 ’Ἀργει
748 2395 1071 2478 γενέσθαι
1103 2397 1213 2462 καὶ
1245 2401 1350 2480 σε’,
1384 2399 1699 2486 σύγγον’,
1735 2407 2030 2471 εἰσιδεῖν.
2203 2423 2311 2472 990

506 2493 689 2558 θέλω
735 2493 801 2558 δ’
849 2493 1021 2580 ἅπερ
1067 2497 1187 2582 σύ,
1236 2503 1311 2563 σέ
1353 2523 1426 2566 τε
1468 2509 1874 2588 μεταστῆσαι
1918 2507 2150 2573 πόνων

506 2597 848 2661 νοσοῦντά
890 2596 951 2662 τ’
998 2593 1220 2683 οἶκον,
1268 2599 1420 2685 οὐχὶ
1461 2607 1555 2689 τῷ
1599 2605 1914 2672 κτανόντι
1958 2631 2042 2692 με

505 2699 940 2784 θυμουμένη,
988 2705 1301 2786 πατρῷον
1347 2699 1654 2788 ὀρθῶσαι
1698 2707 1925 2771 πάλιν.
2204 2720 2307 2771 993

504 2793 655 2861 ἀλλ’
703 2800 766 2863 εἰ
804 2800 929 2883 μὲν
971 2801 1048 2867 ἕν
1078 2825 1137 2865 τι
1182 2800 1382 2867 τοῦθ’
1427 2801 1598 2887 ὁμοῦ
1641 2807 2030 2892 γενήσεται,
2203 2822 2308 2870 999

502 2894 769 2980 ἄγαλμά
795 2899 861 2962 τ’
906 2905 1112 2976 οἴσεις
1154 2899 1311 2984 κᾶμ’
1362 2901 1470 2968 ἐπ’
1519 2904 1916 2990 εὐπρύμνου
1945 2909 2118 2985 νεῶς

502 2993 709 3078 ἄξεις,
756 2995 831 3060 τὸ
876 3000 1295 3084 κινδύνευμα
1339 3007 1638 3086 γίγνεται
1683 3009 1927 3074 καλόν·

501 3094 749 3160 τούτου
793 3097 869 3163 δὲ
912 3101 1308 3182 χωρισθεϊσ’
1357 3100 1488 3186 ἐγῶ
1533 3106 1658 3190 μὲν
1703 3107 2030 3194 ὄλλυμαι,

502 3192 588 3259 σύ
613 3194 679 3259 δ’
704 3195 791 3262 ἄν
812 3195 889 3262 τὸ
915 3204 1171 3265 σαυτοῦ
1191 3203 1478 3287 θέμενος
1503 3198 1584 3271 εὖ
1609 3208 1863 3274 νόστου
1887 3210 2132 3293 τύχοις.
2171 3223 2301 3274 1003

501 3303 765 3381 σφαγῆς
806 3321 879 3363 τε
920 3301 1051 3383 γὰρ
1098 3306 1219 3385 σῆς
1262 3303 1432 3390 χεῖρ’
1479 3305 1980 3394 ἀπαλλάξαιμεν
2027 3311 2114 3374 ἄν
2201 3325 2305 3374 994

500 3399 793 3481 σῶσαιμί
829 3400 895 3463 τ’
940 3405 1195 3478 οἴκους·
1242 3402 1369 3487 τὴν
1411 3407 1582 3471 θεὸν
1628 3408 1693 3472 δ’
1741 3408 1922 3486 ὅπως
1966 3413 2159 3477 λάθω

316 3493 442 3553 ΟΡ.
508 3496 772 3562 δέδοικα
803 3499 916 3562 καὶ
946 3500 1323 3586 τύραννον,
1354 3503 1534 3588 ἡνίκ’
1568 3508 1654 3572 ἂν
1685 3507 1882 3588 κενάς
