2534 3917
360 158 447 222 50

792 167 1253 224 ΙΦΙΓΕΝΕΙΑ
1297 167 1368 224 Η
1399 167 1520 224 ΕΝ
1559 167 1875 226 ΑΥΛΙΔΙ

599 331 843 422 μηκέθ’
878 331 1195 424 ἁρπάζειν
1223 339 1342 404 ἐᾶν
1369 333 1484 415 τὰς
1512 331 1744 424 ὀλβίας
1785 339 1849 418 ἐξ
1886 333 2220 426 Ἑλλάδος,
2253 357 2384 413 1381

598 436 717 506 τὸν
750 434 1015 524 Ἑλένης
1063 445 1374 518 τίσαντας
1432 433 1760 528 ὄλεθρον,
1805 434 2026 525 ἥντιν’
2084 437 2391 530 ἥρπασεν

1280 539 1515 628 Πάρις.

595 650 806 711 ταῦτα
826 642 1043 712 πάντα
1069 649 1503 712 κατθανοῦσα
1532 641 1840 731 ῥύσομαι,
1871 650 1992 712 καί
2011 672 2143 731 μου
2171 649 2388 734 κλέος,

588 741 849 813 Ἑλλάδ’
895 741 984 825 ὥς
1015 740 1492 834 ἠλευθέρωσα,
1523 743 1854 835 μακάριον
1881 747 2252 834 γενήσεται.

595 846 852 936 καὶγὰρ
880 843 1049 917 ούδέ
1068 854 1175 916 τοί
1183 838 1245 915 τι
1260 855 1416 916 λίαν
1431 847 1545 933 ἐμὲ
1559 855 1966 936 φιλοψυχεῖν
1979 849 2216 938 χρεών·
2248 867 2393 922 1385

594 956 756 1018 πᾶσι
785 948 912 1038 γάρ
941 947 1011 1036 μ’
1028 944 1301 1036 Ἕλλησι
1329 946 1562 1018 κοινὸν
1591 955 1842 1036 ἔτεκες,
1873 947 2025 1037 οὐχὶ
2052 953 2159 1020 σοὶ
2183 951 2385 1042 μόνῃ.

596 1047 763 1120 ἀλλὰ
791 1059 1021 1141 μυρίοι
1048 1051 1175 1140 μὲν
1203 1048 1447 1143 ἄνδρες
1476 1047 1752 1120 ἀσπίσιν
1781 1056 2266 1141 πεφραγμένοι,

594 1161 824 1244 μυρίοι
854 1150 920 1223 δ’
956 1151 1175 1244 ἐρέτμ’
1210 1161 1507 1241 ἔχοντες,
1537 1159 1860 1243 πατρίδος
1888 1151 2321 1244 ἠδικημένης,

594 1262 767 1346 δρᾶν
827 1283 889 1325 τι
947 1257 1396 1345 τολμήσουσιν
1449 1253 1740 1346 ἐχθροὺς
1795 1251 2009 1347 χὺπὲρ
2069 1254 2388 1340 Ἑλλάδος

1278 1368 1554 1427 θανεῖν·

588 1457 630 1549 ἡ
660 1458 725 1528 δ’
763 1459 885 1548 ἐμὴ
917 1459 1097 1548 ψυχὴ
1126 1457 1225 1548 μί’
1258 1451 1429 1529 οὖσα
1458 1459 1674 1530 πάντα
1703 1459 1992 1529 κωλύσει
2021 1461 2213 1542 τάδε;
2243 1477 2384 1532 1390

592 1569 663 1630 τί
697 1559 773 1631 τὸ
804 1567 1071 1631 δίκαιον
1129 1559 1314 1628 τοῦτ’
1338 1590 1355 1640 ;
1419 1567 1682 1647 ἔχοιμεν
1727 1556 1834 1648 ἆρ’
1887 1559 1972 1630 ἂν
2030 1559 2381 1633 ἀντειπεῖν

1278 1671 1468 1747 ἕπος;

566 1763 751 1836 ’κάπ’
799 1764 1003 1836 ἐκεῖν’
1052 1773 1383 1856 ἔλθωμεν.
1447 1763 1530 1835 ού
1584 1772 1694 1834 δεῖ
1748 1766 1946 1835 τόνδε
2001 1765 2112 1835 διὰ
2166 1767 2381 1856 μάχης

1272 1871 1504 1958 μολεῖν

589 1979 795 2042 πᾶσιν
814 1969 1140 2062 Ἀργείοις
1166 1970 1490 2060 γυναικὸς
1542 1975 1744 2040 εἵνεκ’
1794 1967 1956 2039 οὐδὲ
1982 1980 2372 2041 κατθανεῖν.

592 2070 686 2155 εἷς
740 2073 806 2165 γ’
866 2071 1038 2163 ἀνὴρ
1095 2081 1428 2164 κρείσσων
1478 2080 1826 2162 γυναικῶν
1878 2079 2143 2163 μυρίων
2191 2069 2377 2163 ὀρῶν

1271 2202 1462 2263 φαος.

586 2284 650 2348 εἰ
676 2275 743 2346 δ’
779 2276 1120 2366 ἐβουλήθη
1176 2284 1207 2322 *
1266 2284 1456 2366 σῶμα
1497 2275 1754 2364 τούμόν
1775 2275 2085 2368 ’Ἄρτεμις
2113 2285 2374 2366 λαβεῖν,

585 2378 897 2468 ε’μποδῶν
917 2379 1284 2468 γενήσομαι
1306 2377 1428 2469 ’γι-ὸ
1457 2378 1710 2468 θνητὸς
1731 2371 1900 2449 οὖσα
1927 2387 2008 2469 τῇ
2038 2385 2180 2471 θεῷ
2198 2395 2376 2463 ;1396

588 2478 735 2550 ἀλλ’
772 2479 1143 2571 ἀμήχανον]
1177 2487 1424 2571 δίδωμι
1455 2490 1646 2570 σῶμα
1674 2479 1930 2571 τούμόν
1949 2479 2231 2551 Ἑλλάδι.

586 2580 793 2674 θύετ’,
824 2589 1221 2678 ἐκπορθεῖτε
1246 2593 1512 2678 Τροίαν.
1544 2591 1752 2654 ταῦτα
1780 2583 1908 2675 γὰρ
1925 2584 2215 2673 μνημεῖά
2240 2612 2372 2673 μου

547 2696 555 2704 ”
584 2687 699 2758 διὰ
726 2696 1024 2781 μακροῦ,
1055 2692 1168 2759 καὶ
1196 2695 1432 2770 παῖδες
1461 2679 1650 2757 οὗτοι
1679 2689 1792 2756 καὶ
1839 2687 2036 2774 γάμοι
2082 2690 2194 2757 καὶ
2223 2682 2365 2768 δόξ’

1268 2795 1302 2860 ἑ
1375 2791 1410 2858 ’.

584 2894 947 2982 βαρβάρων
975 2891 1039 2961 δ’
1070 2820 1396 2982 Ἕλληύαῖ·
1425 2890 1656 2982 ἄρχειν
1687 2891 1882 2979 εἰκός,
1913 2889 2061 2962 ἀλλ’
2099 2889 2181 2962 ού
2202 2898 2376 2981 βαρ-

1267 2995 1540 3085 βάρους,
2239 3011 2378 3062 1400

588 3105 827 3186 μῆτερ,
862 3094 1198 3185 Ἑλλήνων
1216 3121 1229 3134 ·
1262 3097 1337 3166 τὸ
1359 3100 1484 3186 μὲν
1510 3095 1639 3186 γὰρ
1670 3101 1956 3186 δοῦλον,
1985 3093 2050 3166 οἳ
2077 3093 2142 3165 δ’
2177 3095 2377 3166 ἐλεύ-

1272 3209 1484 3290 θεροι.
2218 3225 2224 3230 ·

367 3311 505 3373 ΧΟ.
587 3329 662 3372 το
692 3301 816 3389 μὲν
843 3301 995 3388 σόν,
1028 3291 1081 3369 ὦ
1110 3309 1303 3372 νεᾶνι
1321 3353 1339 3388 ,
1374 3307 1702 3391 γενναίως
1723 3309 1886 3404 ἔχει·

584 3402 659 3472 τὸ
687 3410 801 3491 τῆς
828 3402 1027 3492 τύχης
1056 3404 1131 3473 δὲ
1157 3405 1272 3472 καὶ
1297 3402 1372 3474 τὸ
1403 3413 1519 3492 τῆς
1552 3411 1724 3473 θεοῦ
1752 3419 1954 3474 νοσεῖ.

362 3514 499 3574 AX.
574 3502 1066 3594 Ἀγαμέμνονος,
1088 3521 1238 3593 παῖ,
1267 3505 1598 3596 μακάριόν
1623 3507 1710 3593 με’
1731 3533 1829 3586 τις
1860 3512 2048 3574 θεῶν
2238 3519 2378 3574 1405
