2534 3917
303 189 423 256 142

1226 192 1392 251 ΙΩΝ

534 362 780 452 κρόκεα
809 363 1058 431 πέταλα
1086 362 1375 451 φάρεσιν
1403 367 1692 452 ἔδρεπον

528 461 832 548 ἀνθίζειν
858 470 1333 554 χρυσανταυγῆ
1352 486 1366 500 ·

528 575 795 646 λευκοῖς
823 563 889 635 δ’
923 562 1141 655 ἐμφὺς
1166 581 1526 653 καρποῖσιν

529 671 775 752 χειροῖν
801 671 891 745 εἰς
914 662 1167 749 ἄντρου
1192 672 1416 747 κοίτας

529 775 840 860 κραυγὰν
902 759 958 838 οἷ
986 769 1194 859 μᾶτέρ
1255 767 1329 857 μ’
1363 767 1687 841 αὐδῶσαν

525 879 687 959 θεὸς
720 879 1086 967 ὁμευνέτας

523 969 681 1066 ἆγες
715 979 1024 1071 ἀναιδείᾳ

524 1081 821 1172 Κύπριδι
852 1081 1049 1171 χάριν
1084 1083 1425 1173 πράσσων.

522 1189 725 1250 τίκτω
761 1182 828 1251 δ’
868 1181 909 1250 ἆ
947 1183 1285 1264 δύστανός
1320 1204 1425 1253 σοι

524 1286 803 1374 κοῦρον,
838 1283 960 1352 τ’ὁν
997 1291 1211 1375 φρίκᾳ
1244 1286 1496 1374 ματρὸς

524 1389 621 1463 είς
658 1382 869 1453 εύνάν
901 1384 1132 1472 βάλλω
1164 1386 1292 1454 τάν
1327 1386 1482 1473 σάν,

524 1487 639 1551 ἵνα
672 1511 753 1571 με
787 1486 1003 1570 λέχεσι
1034 1486 1236 1572 μέλεα
1271 1488 1505 1574 μέλεος

526 1582 759 1666 ἐζεύξω
793 1584 920 1653 τᾶν
954 1586 1320 1658 δύστανον.

522 1695 693 1771 οἴμοι
732 1703 861 1772 μοι·
897 1689 1013 1756 καὶ
1048 1692 1184 1755 νῦν
1223 1697 1397 1779 ἔρρει

524 1801 800 1866 πτανοῖς
836 1785 1212 1876 ἁρπασθεὶς
1248 1797 1454 1860 θοίνα

515 1901 673 1967 παῖς
708 1912 825 1974 μοι
857 1890 971 1958 καὶ
1008 1889 1124 1969 σὸς
1158 1892 1455 1980 τλάμων,

514 1985 597 2055 σύ
639 1987 715 2057 δὲ
748 1990 1001 2080 κιθάρᾳ
1034 1992 1286 2074 κλάζεις

513 2091 799 2169 παιᾶνας
832 2093 1123 2178 μέλπων.

514 2192 613 2281 ωή
628 2245 647 2280 ,
678 2192 798 2264 τὸν
823 2199 1086 2272 Λατοῦς
1114 2185 1327 2276 αὐδω,

515 2292 585 2375 ὃς
614 2290 844 2384 ὀμφὰν
872 2303 1142 2383 κληροῖς

512 2395 679 2486 πρὸς
704 2399 1030 2485 χρυσέους
1060 2394 1321 2475 θάκους
1350 2395 1464 2462 καὶ

514 2504 706 2586 γαίας
731 2497 1080 2588 μεσσήρεις
1112 2500 1331 2587 ἕδρας,

516 2608 609 2682 εἰς
635 2592 755 2683 οὖς
786 2597 1009 2671 αύδαν
1036 2598 1304 2687 καρύξω
1321 2621 1335 2634 ·

514 2703 591 2773 lc&
621 2702 824 2786 κακὸς
854 2701 1178 2792 εὐνάτωρ,

511 2803 585 2886 ὃς
610 2812 704 2897 τῷ
732 2806 856 2895 μὲν
884 2810 1019 2897 ἐμῷ
1047 2803 1408 2895 νυμφεύτᾳ

512 2906 708 2994 χάριν
734 2903 817 2976 ου’
850 2904 1212 2996 προλαβών

512 3005 701 3077 παῖδ’
738 3014 831 3088 εἰς
857 3017 1087 3090 οἴκους
1122 3014 1419 3092 οἰκίζεις·

513 3107 548 3180 ὁ
585 3105 651 3178 δ’
687 3108 843 3197 ἐμὸς
872 3111 1145 3197 γενέτας
1171 3113 1286 3179 καὶ
1322 3116 1439 3193 σὸς
1461 3109 1728 3198 ἀμαθὴς

443 3278 446 3281 .
512 3218 780 3294 οἰωνοῖς
810 3217 991 3302 ἔρρει
1022 3219 1383 3299 συλαθείς,
1417 3215 1669 3295 [οἰκεῖα]

514 3313 869 3403 σπάργανα
900 3317 1182 3402 ματέρος
1209 3312 1580 3396 ἐξαλλάξας.

515 3431 701 3502 μισεῖ
722 3412 789 3484 σ’
821 3410 864 3483 ἆ
890 3422 1116 3496 Δᾶλος
1146 3419 1259 3485 καὶ
1289 3414 1552 3502 δάφνας

514 3523 713 3606 ἔρνεα
742 3522 1023 3604 φοίνικα
1048 3514 1209 3606 παρ’
1242 3512 1650 3606 ἁβροκόμαν,

2209 485 2318 542 890

2210 905 2313 954 895

2008 1188 2150 1258 άντ.

2199 1510 2304 1563 900

2197 2016 2300 2070 905

2190 2511 2297 2565 910

2191 3021 2296 3076 915

2197 3531 2302 3585 920
