2534 3917
675 198 1138 260 ΙΦΙΓΕΝΕΙΑ
1179 198 1238 255 Η
1278 196 1395 255 ΕΝ
1430 192 1739 251 ΑΤΛΙΔΙ
2122 186 2205 247 39

429 362 636 427 παῖδα
685 358 764 425 σὲ
806 364 1140 443 Θεσσαλιᾳ
1203 357 1371 441 μέγα
1404 356 1548 436 φῶς

427 456 664 543 μάντις
713 446 749 519 ὁ
798 456 1098 540 φοιβάδα
1140 455 1406 540 μοῦσαν

436 552 630 633 εἰδὼς
693 550 1045 639 γεννάσειν
2080 550 2213 607 1065

435 654 698 733 Χείρων
745 647 1190 734 ἐξονόμαζεν,

433 750 512 835 ὃς
539 749 681 841 ἥξει
707 749 925 838 χθόνα
954 746 1308 836 λογχήρεσι
1346 742 1479 813 σὺν
1509 739 1979 833 Μυρμιδόνων

437 854 785 933 ἀσπισταῖς
811 850 1144 939 Πριάμοιο
1173 845 1449 917 κλεινὰν

433 973 633 1045 γαῖαν
671 951 1105 1042 ἐκπυρώσων,
2090 958 2225 1013 1070

439 1059 592 1148 περὶ
621 1056 869 1143 σώματι
895 1056 1200 1145 χρυσέων

433 1156 668 1230 ὅπλων
699 1154 1252 1245 Ἡφαιστοπόνων

431 1263 932 1351 κεκορυθμένος
959 1251 1209 1340 ἔνδυτ’,
1239 1257 1313 1323 ἐκ
1340 1260 1507 1333 θεᾶς

437 1360 686 1453 ματρός
714 1354 1056 1453 δωρήματ’
1092 1362 1262 1444 ἔχων

437 1468 746 1545 Θέτιδος,
793 1463 837 1530 ἅ
881 1486 994 1527 νιν
1037 1463 1273 1525 ἔτικτε.
2090 1466 2224 1522 1075

433 1565 763 1655 μακάριον
798 1563 944 1632 τότε
986 1566 1299 1647 δαίμονες

433 1676 550 1749 τᾶς
581 1664 981 1757 εὐπάτριδος
1010 1662 1223 1752 γάμον

436 1771 780 1861 Νηρῄδων
809 1776 1058 1839 ἔθεσαν
1087 1764 1351 1856 πρώτας

434 1874 712 1959 Πηλέως
741 1868 814 1939 θ’
847 1866 1231 1957 ὑμεναίους.

433 1974 510 2043 σε
539 1970 604 2041 δ’
638 1975 747 2041 ἐπὶ
773 1972 944 2062 κάρα
973 1971 1293 2049 στέψουσι
1324 1965 1737 2051 καλλικόμαν
2100 1978 2231 2034 1080

431 2074 786 2162 πλόκαμον
817 2071 1112 2165 Ἀργεῖοί
1136 2066 1203 2158 γ’
1238 2066 1460 2154 ἆλιᾶν,

435 2174 604 2247 ωστε
633 2182 968 2267 πετραίων
997 2169 1113 2241 ἀπ’
1145 2198 1414 2261 αντρων
1441 2174 1781 2239 ἐλθουσαν
1812 2152 2048 2260 όρείαν

433 2280 685 2369 μόσχον
713 2275 1079 2369 ἀκήρατον,
1108 2272 1420 2363 βρότειον

431 2380 870 2469 αἱμάσσοντες
897 2374 1137 2464 λαιμόν
1156 2398 1170 2411 ·

437 2480 524 2553 οὗ
551 2480 825 2571 σύριγγι
851 2494 1253 2569 τραφεῖσαν,
1285 2473 1439 2545 οὐδ’
2098 2488 2235 2543 1085

437 2589 512 2655 ἐν
540 2582 923 2674 ῥοιβδήσεσι
965 2577 1337 2668 βουκόλων,

437 2684 618 2777 παρὰ
647 2685 722 2753 δὲ
749 2686 981 2773 ματέρι
1007 2678 1448 2768 νυμφοκόμον

425 2784 778 2875 Ἰναχίδαις
807 2784 1043 2874 γάμον.

438 2897 572 2959 ποῦ
601 2887 674 2958 τό
705 2895 822 2967 τᾶς
851 2890 1086 2965 αἰδοῦς

435 2986 480 3078 ἢ
507 2989 581 3063 τὸ
611 2998 726 3071 τᾶς
753 2986 991 3079 ἀρετᾶς
1019 2994 1152 3074 ἔχει
2100 2996 2237 3053 1090

438 3096 718 3163 σθένειν
743 3120 808 3161 τι
835 3089 1232 3183 πρόσωπον;

439 3190 642 3264 ὁπότε
670 3192 744 3264 τὸ
771 3194 895 3283 μὲν
923 3190 1215 3262 ἄσεπτον
1244 3195 1377 3277 ἔχει

435 3296 757 3384 δύνασιν,
789 3293 830 3365 ἆ
858 3292 923 3364 δ’
956 3289 1158 3384 ἀρετὰ
1186 3290 1455 3363 κατόπι-

430 3408 602 3467 σθεν
629 3408 902 3478 θνατοῖς
929 3394 1286 3483 ἀμελεῖται,
2209 3466 2214 3471 ,

439 3496 686 3587 ἀνομία
715 3500 790 3570 δὲ
816 3499 1046 3589 νόμων
1073 3512 1328 3586 κρατεῖ,
2101 3506 2237 3563 1095
