2534 3917
1097 189 1261 249 ΙΩΝ
2076 187 2195 254 147

192 371 333 434 ΧΟ.
408 365 692 430 Εἰνοδία
718 359 1019 447 θύγατερ
1049 359 1438 448 Δάματρος,
1475 355 1519 430 ἃ
1547 368 1682 428 τῶν
1905 383 2044 452 στρ.

424 461 845 532 νυκτιπόλων
874 461 1042 549 ε’φόδ
1046 489 1141 530 ων
1170 458 1478 541 ἀνάσσεις

422 566 535 633 καὶ
560 569 1029 652 μεθαμερίων,
1061 559 1324 634 ὅδωσον
1359 563 1808 634 δυσθανάτων
2071 585 2201 635 1050

425 665 779 756 κρατήρων
807 664 1208 756 πληρώματ’,
1241 663 1354 752 ἐφ’
1387 661 1520 736 οἷσι
1548 669 1790 753 πέμπει

422 767 659 838 πότνια
687 765 902 837 πότνι’
940 766 1061 855 ἐμοὶ
1090 776 1371 855 χθονίας

422 877 727 960 Γοργοῦς
754 870 1173 958 λαιμοτόμων
1202 867 1332 939 άπὸ
1363 877 1761 958 σταλαγμῶν
2072 889 2200 940 1055

425 979 515 1064 τῷ
546 979 681 1041 τῶν
709 961 1135 1063 Ἐρεχθειδᾶν

428 1075 655 1162 δόμων
688 1077 1155 1166 ἐφαπτομένῳ·

423 1178 597 1265 μηδέ
626 1174 774 1246 ποτ’
812 1173 1009 1256 ἄλλος
1044 1174 1267 1245 ἄλλων
1303 1174 1417 1249 ἀπ’
1459 1188 1664 1246 οἴκων
1753 1241 1764 1252 ,

426 1279 681 1358 πόλεως
716 1275 995 1347 ἀνάσσοι

428 1379 605 1467 πλὴν
636 1387 773 1449 τῶν
805 1377 1164 1469 εὐγενετᾶν
1192 1377 1642 1471 Ἐρεχθειδᾶν.
2071 1396 2204 1449 1060

431 1489 493 1551 εἰ
518 1479 582 1551 δ’
622 1480 857 1569 ἀτελὴς
889 1483 1180 1563 θάνατος
1208 1488 1507 1552 σπουδαί
1528 1510 1598 1553 τε
1626 1489 1899 1553 δεσποί-
1959 1479 2100 1550 ἀντ.

430 1612 584 1671 νας,
623 1581 662 1654 ὅ
687 1612 759 1654 τε
794 1583 1025 1675 καιρὸς
1053 1582 1278 1656 ἄπεισι
1309 1585 1570 1673 τόλμας,

429 1672 515 1752 οὗ
535 1713 666 1753 νυν
690 1689 871 1767 ἐλπὶς
895 1689 1217 1776 ἐφαίνετ’,
1267 1683 1312 1776 ἦ
1339 1685 1600 1775 θηκτὸν
1627 1691 1818 1775 ξίφος
1845 1683 1888 1772 ἦ

428 1795 684 1877 λαιμῶν
722 1788 947 1872 ἐξάψει
987 1789 1231 1879 βρόχον
1267 1787 1442 1877 ἀμφὶ
1475 1788 1728 1878 δειρήν,
2071 1803 2202 1858 1065

426 1891 676 1961 πάθεσι
702 1891 926 1960 πάθεα
956 1888 1019 1960 δ’
1054 1887 1439 1974 ἐξανύτουσ’

430 1999 523 2072 εἰς
552 1989 756 2073 ἄλλας
785 1993 1019 2081 βιότου
1060 1992 1311 2061 κάτεισι
1341 1999 1630 2078 μορφάς.

428 2091 511 2164 ού
546 2093 675 2184 γὰρ
712 2095 942 2183 δόμων
976 2092 1043 2182 γ’
1084 2097 1350 2185 ἑτέρους

427 2195 750 2286 ἄρχοντας
778 2195 1203 2278 ἀλλοδαποὺς
2071 2209 2206 2264 1070

425 2298 598 2382 ζῶσά
626 2297 774 2368 ποτ’
815 2297 1131 2388 ὀμμάτων
1158 2303 1233 2370 ἐν
1268 2314 1593 2388 φαενναῖς

429 2397 717 2487 ἀνέχοιτ’
759 2397 845 2470 ἂν
880 2398 1120 2488 αὐγαῖς

429 2499 472 2571 ἁ
504 2510 641 2572 τῶν
677 2499 1094 2593 εὐπατριδᾶν
1127 2501 1372 2591 γεγῶσ’
1415 2514 1643 2572 οἴκων.

428 2604 827 2694 αἰσχύνομαι
861 2604 981 2674 τὸν
1016 2605 1412 2692 πολύυμνον
1924 2624 2064 2691 στρ.

424 2707 593 2777 θεόν
613 2760 631 2795 ,
666 2713 727 2777 εἰ
750 2705 931 2798 παρὰ
958 2706 1409 2797 καλλιχόροισι
1442 2720 1682 2792 παγαῖς
2077 2717 2206 2772 1075

426 2809 736 2897 λαμπάδα
764 2806 1039 2901 θεωρὸν
1068 2809 1360 2879 εἰκάδων

427 2909 665 2994 ὄψεται
694 2911 1000 2999 ἐννύχιος
1028 2908 1284 2992 ἄυπνος
1314 2907 1432 2997 ω’ν,

426 3009 538 3083 ὅτε
570 3015 686 3082 καὶ
714 3013 881 3094 Διὸς
918 3010 1302 3103 ἀστερωπὸς

429 3112 875 3205 ἀνεχόρευσεν
908 3115 1137 3206 αἰθήρ,

426 3217 692 3310 χορεύει
723 3218 798 3287 δὲ
826 3218 1075 3288 σελάνα
2079 3228 2211 3281 1080

424 3322 540 3390 καὶ
568 3321 980 3409 πεντήκοντα
1008 3319 1205 3410 κόραι

756 3441 1144 3496 1048--1060
1165 3460 1247 3488 :2
1276 3437 1658 3494 1061—1073

758 3537 1145 3594 1074--1089
1168 3557 1254 3586 ετ·-
1279 3538 1656 3592 1090———1105
1752 3610 1832 3670 10
1851 3609 1884 3649 *
