2534 3917
325 184 452 248 150
1277 180 1442 240 ΙΩΝ

548 351 927 442 Ἀμαζόνων
951 347 1360 438 σκυλεύματ’
1393 345 1680 437 ἤνεγκεν
1705 357 1871 442 θεῷ.
2212 370 2350 424 1145

560 459 723 542 ἐνῆν
754 451 821 522 δ’
855 448 1153 540 ὑφανταὶ
1181 451 1565 540 γράμμασιν
1592 449 1835 520 τοιαίδ’
1871 448 2058 543 ὑφαί
2070 477 2084 491 ·

568 554 882 647 Οὐρανὸς
910 551 1249 643 ἀθροίζων
1281 549 1469 643 ἄστρ’
1503 555 1578 621 ἐν
1604 555 1880 644 αἰθέρος
1905 555 2136 650 κύκλῳ
2155 579 2174 594 ·

559 663 808 739 ἵππους
833 658 957 745 μὲν
988 651 1230 746 ἤλαυν’
1265 663 1359 734 εἰς
1387 661 1778 725 τελευταίαν
1807 657 2029 745 φλόγα

542 755 805 849 ‘'HI-cog,
838 762 1145 848 ἐφέλκων
1172 755 1482 847 λαμπρὸν
1505 753 1831 848 Ἑσπέρου
1862 760 2052 847 φάος.

558 862 1030 951 μελάμπεπλος
1058 860 1134 930 δὲ
1160 860 1314 944 Νὺξ
1347 857 1716 950 ἀσείρωτον
1745 868 1970 949 ζυγοῖς
2212 881 2350 932 1150

562 960 757 1053 ὄχημ’
792 972 1111 1034 ἔπαλλεν·
1150 961 1362 1053 ἄστρα
1393 959 1460 1032 δ’
1493 959 1785 1053 ὡμάρτει
1811 971 1965 1054 θεᾷ.

562 1065 813 1146 Πλειὰς
839 1067 964 1154 μὲν
991 1063 1099 1158 ᾔει
1126 1064 1509 1154 μεσοπόρου
1538 1061 1635 1134 δι’
1667 1067 1962 1155 αἰθέρος,

563 1165 604 1236 ὅ
631 1197 703 1237 τε
739 1168 1023 1258 ξιφήρης
1048 1166 1300 1259 Ὠρίων
1321 1191 1337 1204 ·
1368 1163 1634 1258 ὕπερθε
1663 1167 1740 1236 δὲ

542 1268 823 1360 ’Ἄρκτος
851 1266 1219 1360 στρέφουσ’
1250 1265 1494 1361 οὐραῖα
1518 1269 1842 1359 χρυσήρει
1869 1270 2074 1364 πόλῳ.

562 1373 809 1453 κύκλος
842 1373 921 1441 δὲ
948 1377 1364 1460 πανσέληνος
1391 1368 1685 1458 ἠκόντιζ’
1723 1369 1864 1441 ἄνω
2211 1389 2347 1440 1155

568 1471 778 1561 μηνὸς
814 1473 1118 1564 διχήρης,
1140 1471 1368 1553 Ὑάδες
1395 1499 1468 1542 τε
1493 1482 1838 1555 ναυτίλοις

564 1579 985 1664 σαφέστατον
1011 1591 1324 1664 σημεῖον,
1356 1571 1402 1665 ἦ
1427 1603 1500 1646 τε
1535 1575 1900 1668 φωσφόρος

546 1673 715 1759 Ἕως
745 1676 1066 1747 διώκουσ’
1106 1676 1335 1770 ἄστρα.
1364 1686 1686 1767 τοίχοισιν
1724 1677 1790 1748 δ’
1830 1686 1939 1750 ἔπι

570 1777 901 1870 ἤμπισχεν
929 1775 1097 1851 ἄλλα
1125 1781 1491 1871 βαρβάρων
1521 1777 1906 1871 ὑφάσματα,

568 1879 977 1972 εὐηρέτμους
1004 1891 1174 1965 ναῦς
1203 1880 1434 1963 ἀντίας
1453 1879 1850 1972 Ἑλληνίσιν,
2215 1900 2354 1954 1160

566 1988 680 2055 καὶ
706 1986 1075 2075 μιξόθηρας
1105 1993 1332 2074 φῶτας
1361 1990 1627 2067 ἱππείας
1655 1982 1718 2054 τ’
1755 1982 1965 2076 ἄγρας

565 2087 837 2176 ἐλάφων
866 2086 1164 2158 λεόντων
1190 2085 1253 2156 τ’
1290 2083 1548 2178 ἀγρίων
1575 2087 1954 2176 θηράματα.

564 2186 712 2258 κατ’
752 2189 1059 2269 εἰσόδους
1092 2189 1171 2258 δὲ
1198 2193 1518 2279 Κέκροπα
1549 2192 1955 2281 θυγατέρων
1993 2190 2192 2268 πέλας

568 2299 951 2381 σπείραισιν
980 2289 1364 2377 εἱλίσσοντ’,
1396 2288 1780 2380 Ἀθηναίων
1807 2290 1989 2373 τινὸς

567 2390 918 2481 ἀνάθημα,
946 2396 1275 2481 χρυσέους
1299 2389 1362 2462 τ’
1400 2397 1476 2462 έν
1502 2397 1682 2486 μέσῳ
1712 2402 2033 2488 συσσιτίῳ
2219 2410 2353 2462 1165

564 2501 899 2584 κρατῆρας
927 2493 1155 2584 ἔστησ’
1177 2518 1192 2533 ·
1226 2499 1302 2564 έν
1330 2493 1396 2564 δ’
1427 2493 1694 2585 ἄκροισι
1721 2495 1847 2584 βὰς
1874 2498 2030 2566 ποσὶ

567 2601 778 2687 κῆρυξ
808 2593 1044 2668 ἀνεῖπε
1077 2597 1197 2669 τὸν
1230 2596 1506 2668 θέλοντ’
1537 2603 1880 2690 ἐγχωρίων

566 2703 633 2780 ἐς
667 2705 863 2771 δαῖτα
892 2719 1159 2794 χωρεῖν.
1194 2698 1284 2781 ὦς
1314 2699 1379 2769 δ’
1415 2701 1777 2792 ἐπληρώθη
1805 2705 2028 2791 στέγη,

564 2805 954 2889 στεφάνοισι
982 2806 1438 2892 κοσμηθέντες
1490 2802 1785 2890 εὐόχθου
1837 2811 2046 2893 βορᾶς

566 2903 791 2990 ψυχὴν
820 2905 1179 2994 ἐπλήρουν.
1214 2902 1303 2986 ὥς
1335 2904 1400 2974 δ’
1440 2903 1716 2977 ἀνεῖσαν
1742 2903 2018 2994 ἡδονήν,
2215 2921 2358 2976 1170

566 3015 601 3056 *
626 3015 662 3056 *
706 3005 1075 3094 παρελθών
1102 3011 1400 3098 πρέσβυς
1428 3015 1521 3088 εἰς
1546 3011 1754 3098 μέσον
1779 3011 1987 3078 πέδον
2119 3052 2134 3066 ·

568 3112 757 3195 ἔστη,
796 3109 1013 3194 γέλων
1048 3105 1114 3178 δ’
1152 3116 1361 3198 ἔθηκε
1389 3117 1824 3191 συνδείπνοις
1850 3110 2091 3198 πολύν,

566 3208 893 3298 πρόθυμα
922 3210 1275 3302 πράσσων·
1305 3219 1380 3282 ἔκ
1405 3241 1475 3282 τε
1502 3212 1630 3304 γὰρ
1666 3219 1996 3304 κρωσσῶν
2029 3209 2219 3302 ὕδωρ

566 3326 795 3398 χεροῖν
827 3319 1077 3401 ἔπεμπε
1104 3321 1349 3405 νίπτρα
1378 3311 1758 3404 κάξεθυμία

562 3412 863 3500 σμύρνης
893 3419 1144 3504 ἱδρῶτα
1168 3418 1475 3504 χρυσέων
1508 3414 1567 3484 τ’
1607 3417 2020 3505 ἐκπωμάτων
2218 3431 2356 3486 1175

564 3502 747 3602 ἦρχ’,
783 3512 989 3596 αὐτὸς
1015 3514 1201 3608 αὐτῷ
1235 3515 1436 3586 τόνδε
1471 3519 1841 3608 προστάξας
1874 3517 2116 3586 πόνον.
