2534 3917
1108 181 1467 238 ΜΗΔΕΙΑ
2154 176 2282 241 229

491 346 1038 442 εὐδαιμονοίτην,
1065 349 1214 422 ἀλλ’
1256 355 1424 420 ἐκεῖ·
1455 349 1536 419 τὰ
1566 345 1632 418 δ’
1668 348 1919 420 ἐνθάδε

489 459 708 544 πατὴρ
740 451 1067 544 ἀφείλετ’.
1109 446 1166 524 ῶ
1193 462 1475 543 γλυκεῖα
1504 451 1866 543 προσβολή,

492 548 548 625 ῶ
575 557 922 645 μαλθακὸς
950 555 1126 647 χρῶς
1153 556 1422 646 πνεῦμά
1447 552 1525 626 θ’
1558 552 1834 645 ἥδιστον
1850 556 2127 626 τέκνων.
2146 570 2279 626 1075

491 675 770 750 χωρεῖτε
797 658 1066 750 χωρεῖτ’
1086 682 1100 697 ·
1135 656 1218 730 ού
1249 663 1382 749 γάρ
1415 666 1547 748 εἰμι
1578 667 2031 750 προσβλέπειν

494 769 597 832 οἵα
621 757 990 849 τ’ἔθ’ὑμᾶ’ς,
1018 760 1183 832 ἀλλὰ
1205 767 1496 846 νικῶμαι
1520 771 1766 838 κακοῖς.

491 864 604 931 καὶ
633 862 962 950 μανθάνω
989 863 1116 951 μὲν
1143 859 1252 932 οἷα
1283 867 1457 952 δρᾶν
1482 864 1701 949 μέλλω
1730 861 1903 930 κακά
1920 885 1933 899 ·

489 963 712 1052 θυμὸς
744 965 820 1035 δὲ
847 973 1183 1056 κρείσσων
1209 971 1349 1034 τῶν
1375 967 1559 1052 ἐμῶν
1588 964 2095 1054 βουλευμάτων,

497 1063 706 1157 ὅσπερ
736 1075 1073 1157 μεγίστων
1101 1078 1309 1148 αἴτιος
1338 1071 1567 1136 κακῶν
1594 1075 1880 1158 βροτοῖς.
2148 1081 2279 1136 1080

267 1180 329 1240 Χ
329 1179 404 1240 0.
486 1169 806 1251 πολλάκις
834 1167 965 1259 ἤδη

492 1269 604 1341 διὰ
638 1275 1054 1363 λεπτοτέρων
1081 1271 1331 1362 μύθων
1360 1278 1600 1360 ἔμολον

490 1375 605 1443 καὶ
633 1372 801 1465 πρὸς
831 1372 1112 1463 ἁμίλλας
1138 1366 1359 1463 ἦλθον
1388 1381 1655 1462 μείζους

494 1471 539 1563 ἢ
564 1475 690 1566 χρὴ
720 1477 966 1565 γενεὰν
994 1484 1222 1566 θῆλυν
1251 1482 1541 1567 ἐρευνᾶν
1560 1499 1575 1514 ·

493 1575 662 1649 ἀλλὰ
691 1579 821 1670 γὰρ
851 1587 1034 1652 ἔστιν
1061 1585 1282 1668 μοῦσα
1307 1581 1423 1649 καὶ
1449 1576 1634 1668 ἡμῖν,
1920 1623 1929 1632 ·
2145 1597 2279 1651 1085

489 1677 535 1770 ἢ
562 1691 958 1772 προσομιλεῖ
982 1691 1226 1771 σοφίας
1255 1687 1519 1753 ἕνεκεν·

495 1783 773 1854 πάσαισι
801 1785 927 1874 μὲν
955 1780 1067 1854 οὔ·
1101 1791 1369 1875 παῦρον
1399 1784 1474 1853 δὲ
1501 1785 1696 1872 γένος

489 1891 681 1973 (μίαν
712 1889 786 1955 έν
814 1896 1090 1967 πολλαῖς
1123 1884 1348 1977 εὕροις
1376 1881 1461 1956 ἂν
1490 1891 1675 1980 ἴσως)

490 1985 617 2056 οὐκ
646 1986 1040 2078 άπόμουσον
1064 1987 1138 2058 τὸ
1168 1996 1535 2077 γυναικῶν.

490 2097 611 2159 καί
633 2119 805 2180 φημι
833 2099 1100 2182 βροτῶν
1127 2094 1371 2172 οἵτινές
1402 2098 1574 2161 εἰσιν
2142 2108 2277 2162 1090

490 2192 768 2280 πάμπαν
794 2191 1059 2283 ἄπειροι
1085 2190 1247 2282 μηδ’
1282 2193 1666 2282 ἐφύτευσαν

489 2301 765 2384 παῖδας,
800 2299 1170 2388 προφέρειν
1199 2303 1293 2378 είς
1324 2295 1645 2386 εὐτυχίαν

489 2405 629 2467 τῶν
656 2402 1094 2487 γειναμένων.

491 2505 562 2568 οἱ
584 2500 708 2589 μὲν
738 2498 1007 2572 ἄτεκνοι
1036 2499 1132 2572 δι’
1168 2498 1630 2592 ἀπειροσύνην

492 2599 631 2672 εἴθ’
665 2601 800 2691 ἡδὺ
831 2613 1098 2694 βροτοῖς
1127 2602 1252 2673 εἴτ’
1288 2601 1575 2692 άνιαρόν
2148 2619 2281 2674 1095

491 2711 726 2788 παῖδες
751 2703 1104 2777 τελέθουσ’
1138 2702 1291 2794 οὐχὶ
1310 2706 1624 2794 τυχόντες

491 2816 763 2879 πολλῶν
790 2809 1071 2898 μόχθων
1100 2806 1459 2898 ἀπέχονται
1476 2831 1491 2845 ·

491 2905 622 2979 οἶσι
652 2912 728 2981 δὲ
755 2916 1012 2982 τέκνων
1041 2919 1224 2983 ἔστιν
1251 2915 1327 2982 ἐν
1355 2921 1565 2990 οἴκοις

491 3013 824 3105 γλυκερὸν
852 3012 1203 3105 βλάστημ’,
1236 3012 1433 3105 ἀθρῶ
1460 3016 1699 3104 μελέτῃ

488 3121 1112 3207 κατατρυχομένους
1138 3114 1259 3188 τὸν
1289 3114 1550 3188 ἅπαντα
1576 3116 1852 3206 χρόνον·
2146 3132 2283 3186 1100

489 3224 760 3308 πρῶτον
786 3219 910 3307 μὲν
940 3216 1120 3301 ὅπως
1145 3224 1486 3310 θρέψουσι
1512 3226 1731 3300 καλῶς

492 3322 728 3408 βίοτόν
756 3319 833 3390 θ’
867 3319 1128 3392 ὁπόθεν
1157 3329 1467 3404 λείψουσι
1494 3327 1783 3403 τέκνοις·

488 3430 585 3493 ἔτι
617 3421 683 3495 δ’
718 3428 791 3494 έκ
820 3425 1081 3494 τούτων
1114 3422 1236 3495 εἴτ’
1272 3425 1380 3496 ἐπὶ
1411 3424 1741 3512 φλαύροις

491 3522 614 3594 εἴτ’
649 3530 758 3596 ἐπὶ
787 3543 1092 3615 χρηστοῖς
