2534 3917
301 172 421 236 106

754 170 1213 227 ΙΦΙΓΕΝΕΙΑ
1254 169 1327 225 Η
1362 169 1478 226 EN
1526 168 1888 226 ΤΛΤΡΘΙΣ

492 334 773 397 ἔπαισαν
809 324 1049 412 ἅλμην.
1090 331 1259 404 ναῦς
1284 323 1348 392 δ’
1357 325 1523 410 ,ἕως
1546 324 1668 410 μὲν
1689 316 1941 404 ἐντὸς
1899 351 1988 410 ην

490 415 777 498 λιμένος,
802 412 1062 514 ἔχω’ρει·
1092 409 1330 494 στόμια
1353 376 1736 514 διαπερωσα
1761 409 1834 474 δὲ

491 499 715 602 λάβρῳ
739 497 1035 563 κλύδωνι
1042 489 1471 602 συμπεσοῦσ’
1499 488 1834 576 ἠπείγετο·
1887 527 1892 530 -

493 579 712 659 δεινὸς
732 579 860 688 γὰρ
886 575 1108 645 έλθων
1133 601 1374 677 ανεμος
1398 579 1709 682 ἐξαίφνης
1729 574 1899 654 νεώς

496 663 665 732 ωθει
691 665 889 731 πάλιν
925 658 1328 746 πρυμνησι’·
1359 661 1430 726 οἳ
1462 657 1525 728 δ’
1556 662 1960 765 ἐκαρτέρουν
2101 719 2110 724 .
2173 675 2313 731 1395

496 746 663 851 πρὸς
682 747 929 832 κέντρα
950 751 1387 851 λακτίζοντες·
1423 748 1515 822 εἰς
1543 750 1616 816 δὲ
1638 753 1766 832 γῆν
1790 745 1991 812 πάλιν

502 833 773 898 κλύδων
798 835 1163 915 παλίρρους
1186 822 1392 934 ἥλιε
1330 833 1524 894 ναῦν.
1555 838 1874 894 σταθεῖσα
1898 826 1971 892 δε

490 913 976 1017 Ἀγαμέμνονος
998 926 1149 992 παῖς
1163 909 1430 998 ηυξατ’·
1465 938 1516 978 ω
1542 917 1801 1017 Λητοῦς
1824 911 2016 995 κόρη,

498 999 721 1067 σῶσόν
743 1024 825 1102 με
844 997 967 1083 τὴν
989 995 1117 1080 σὴν
1140 1000 1354 1081 ίερίαν
1376 995 1544 1080 πρὸς
1557 991 1834 1062 Ἐλλάδα

392 1125 399 1133 -
497 1085 571 1149 ἐκ
593 1082 944 1192 βαρβάρου
964 1086 1084 1187 γῆς
1112 1083 1221 1147 καὶ
1240 1088 1517 1158 κλοπαῖς
1549 1075 1895 1182 σύγγνωθ’
1926 1083 2130 1164 ἐμαῖς.
2179 1095 2316 1148 1400

316 2764 449 2824 ΧΟ.

310 2883 447 2991 ρο.

498 1175 715 1251 φιλεῖς
742 1167 815 1234 δὲ
839 1165 948 1233 καὶ
972 1164 1058 1232 σύ
1083 1160 1208 1231 σὸν
1226 1169 1662 1269 κασίγνητον,
1684 1161 1844 1229 θεά·

498 1258 723 1336 φιλεῖν
746 1247 821 1318 δὲ
844 1246 1011 1335 κάμε
1033 1245 1191 1327 τοὺς
1214 1245 1579 1353 ὁμαίμονας
1603 1214 1807 1313 δόκει.

496 1341 736 1400 ναῦται
759 1331 824 1402 δ’
853 1331 1334 1438 έπηυφήμησαν
1359 1328 1658 1416 εὐχαῖσιν
1681 1329 1886 1416 κόρης

498 1423 782 1522 παιᾶνα,
808 1416 1070 1521 γυμνὰς
1102 1414 1388 1500 εύχερως
1413 1417 1744 1496 ἐπωμίδας

504 1502 696 1588 κώπῃ
719 1497 1309 1608 προσαρμόσαντες
1333 1502 1406 1564 ἐκ
1430 1498 1894 1601 κελεύσματος.
2169 1512 2306 1568 1405

496 1591 752 1692 μᾶλλον
776 1581 851 1652 δε
880 1589 1135 1685 μᾶλλον
1160 1581 1328 1666 πρὸς
1357 1585 1599 1686 πέτρας
1621 1578 1723 1670 ἤει
1752 1580 2041 1666 σκάφος·

495 1693 588 1773 χω
613 1670 735 1753 μέν
766 1694 864 1746 τις
886 1672 977 1746 εἰς
1000 1665 1352 1734 θάλασσαν
1378 1662 1678 1772 ωρμήθη
1687 1668 1908 1749 ποσίν,

496 1750 694 1830 άλλος
718 1751 792 1819 δὲ
814 1748 1099 1830 πλεκτὰς
1120 1751 1482 1856 ἐξανῆπτεν
1481 1746 1849 1859 ἀγκύλας.

497 1833 699 1940 κάγω
706 1861 829 1920 μεν
854 1832 1067 1916 εὐθὺς
1092 1831 1257 1921 πρὸς
1283 1833 1356 1899 σε
1383 1839 1547 1937 δεῦρ
1601 1829 2000 1938 ἀπεστάλην,

496 1923 601 1987 σοὶ
629 1917 743 1998 τὰς
770 1921 1034 1986 ἐκεῖθεν
1058 1938 1410 2030 σημανων,
1436 1913 1632 2002 άναξ,
1658 1917 1877 2020 τύχας.
2181 1934 2318 1988 1410

498 2000 645 2071 ἀλλ’
646 2005 868 2108 ἕρπε,
894 1999 1103 2088 δεσμὰ
1128 2003 1236 2068 καὶ
1260 2001 1550 2106 βρόχους
1571 1969 1797 2088 λαβὼν
1819 2013 2072 2086 χεροῖν·

498 2094 560 2154 εί
562 2087 669 2194 μὴ
694 2087 820 2172 γὰρ
846 2055 1043 2171 οἶδμα
1064 2085 1359 2192 νήνεμον
1389 2087 1758 2172 γενήσεται,

500 2169 626 2238 οὐκ
651 2176 833 2238 ἔστιν
856 2171 1037 2248 ἐλπὶς
1058 2182 1194 2248 τοῖς
1217 2170 1431 2248 ξένοις
1454 2176 1796 2277 σωτηρίας.

495 2254 752 2321 πόντου
778 2250 843 2321 δ’
874 2249 1182 2339 ἀνάκτωρ
1199 2251 1409 2320 Ἴλιόν
1433 2251 1491 2320 τ’
1521 2257 1870 2321 ἐπισκοπεῖ

500 2335 743 2448 σεμνὸς
764 2341 1150 2444 Ποσειδων,
1174 2341 1580 2417 Πελοπίδαις
1606 2335 1669 2405 δ’
1702 2340 2019 2415 ἐναντίος.
2171 2352 2313 2405 1415

494 2421 604 2488 καὶ
626 2427 759 2487 νῦν
784 2422 1049 2505 παρέξει
1077 2447 1198 2488 τον
1227 2419 1712 2507 Ἀγαμέμνονος
1737 2421 1948 2506 γόνον

497 2505 603 2572 σοὶ
626 2505 736 2572 καὶ
760 2511 1087 2616 πολίταις,
1114 2533 1204 2584 ως
1230 2511 1482 2609 ἔοικεν,
1507 2508 1582 2572 ἐν
1567 2520 1822 2612 χεροῖν

458 2671 464 2675 ,
499 2596 729 2694 λαβεῖν
743 2591 1048 2694 ἀδελφήν
1076 2594 1179 2678 θ’,
1201 2585 1243 2676 ἢ
1269 2558 1489 2676 φόνον
1513 2590 1633 2658 τὸν
1656 2587 1904 2658 Αὐλίδι

496 2671 1906 2865 ἓμῖῗέἰῷῗῧέἳξέἰῗαῗῗέβῖἴᾷοῖλῖξῖῗαι
2178 2772 2318 2826 1420

496 2851 701 2908 θανεῖ
720 2844 919 2907 πάλιν
944 2847 1245 2925 μολοῦσα
1267 2845 1614 2909 δεσποτων
1635 2845 1858 2946 χέρας.

496 2950 547 2991 ω
577 2925 819 3002 πάντες
842 2920 1028 2989 ἀστοὶ
1050 2928 1249 3010 τῆσδε
1273 2927 1623 3038 βαρβάρου
1647 2925 1916 3011 χθονός,

503 3005 628 3074 οὐκ
651 3005 751 3072 εια
774 3005 1022 3086 πωλοις
1046 3008 1502 3114 ἐμβαλόντες”
1469 3015 1660 3115 ηνίας

489 3090 851 3197 παράκτιοι
875 3095 1241 3174 δραμεῖσθε
1265 3090 1598 3196 κάκβολὰς
1619 3092 1788 3171 νεώς

489 3171 867 3257 Ἑλληνίδος
890 3176 1197 3263 δέξεσθε,
1224 3175 1356 3244 συν
1377 3174 1451 3243 δὲ
1474 3185 1554 3266 τῇ
1574 3183 1716 3268 θεω
2179 3190 2314 3243 1425

496 3261 899 3360 σπεύδοντες
923 3259 1193 3369 άνδρας
1199 3247 1548 3366 δυσσεβεῖς
1571 3245 1932 3366 θηράσετε,

494 3365 558 3406 οι
550 3337 645 3406 6’
674 3367 1130 3446 ωκυπομπους
1154 3341 1362 3424 ε’λξετ’
1391 3350 1482 3423 εἰς
1506 3347 1758 3413 πόντον
1777 3343 2056 3422 πλάτας,

498 3450 588 3502 ως
612 3425 685 3490 ἐκ
707 3426 1052 3533 θαλάσσης
1076 3432 1150 3494 ἔκ
1171 3453 1242 3493 τε
1266 3433 1388 3530 γῇς
1419 3430 1784 3535 ἱππεύμασι

496 3509 815 3582 λαβόντες
841 3508 1087 3589 αὐτούς
1110 3538 1151 3594 η
1175 3510 1342 3576 κατὰ
1365 3512 1673 3589 στύφλου
1698 3511 1974 3594 πέτρας
