2534 3917
320 194 440 256 104
786 191 1243 252 ΙΦΙΓΕΝΕΙΑ
1286 191 1352 247 Η
1395 191 1518 248 ΕΝ
1561 191 1922 248 ΤΑΥΡΟΙΣ

318 372 511 436 ΑΓΓ.
549 363 694 433 ἐπεὶ
722 358 889 449 πρὸς
917 356 1117 440 ἀκτάς
1145 355 1456 448 ἤλθομεν
1484 366 1878 447 θαλασσίας,

546 455 634 532 οὗ
668 470 837 544 ναῦς
871 458 1187 550 Ὀρέστου
1216 460 1508 550 κρύφιος
1539 451 1631 548 ἦν
1669 457 2076 551 ὡρμισμένη,

552 563 723 656 ἡμᾶς
750 568 911 654 μέν,
942 559 1064 642 οὓς
1097 561 1183 632 σύ
1217 562 1429 650 δεσμὰ
1458 567 1876 651 συμπέμπεις
1906 566 2120 646 ξένων

551 677 853 757 ἔχοντας,
886 661 1180 748 ἐξένευσ’
1216 661 1587 754 ἀποστῆναι
1616 664 1845 755 πρόσω
2203 683 2332 738 1330

541 768 1029 858 Ἀγαμέμνονος
1063 782 1249 851 παῖς,
1282 762 1371 849 ὥς
1399 763 1782 858 ἀπόρρητον
1808 767 2030 856 φλόγα

551 875 824 944 θύουσα
884 877 995 942 καὶ
1044 867 1403 957 καθαρμὸν
1435 867 1518 939 ὃν
1541 867 1889 961 μετῴχετο.

555 971 725 1062 αὐτὴ
766 979 838 1044 δὲ
868 979 1051 1060 χερσὶ
1073 972 1261 1060 δέσμ’
1291 978 1532 1058 ἔχουσα
1551 983 1696 1038 τοῖν
1717 975 1936 1050 ξένοιν

554 1075 783 1162 ἔστειχ’
819 1074 1086 1143 ὄπισθε.
1137 1081 1245 1142 καὶ
1273 1071 1419 1141 τάδ’
1446 1065 1532 1158 ἦν
1555 1070 1822 1139 ὕποπτά
1851 1093 1986 1154 μοι,

550 1177 799 1270 ἤρεσκε
826 1181 1053 1266 μέντοι
1081 1191 1257 1246 σοῖσι
1294 1175 1731 1265 προσπόλοις,
1766 1173 1953 1259 ἅναξ.
2203 1193 2338 1247 1335

554 1281 778 1372 χρόνῳ
805 1277 898 1364 δ’,
926 1274 1021 1346 ἵν’
1053 1273 1215 1365 ἡμῖν
1244 1283 1419 1365 δρᾶν
1443 1305 1506 1348 τι
1534 1275 1619 1365 δὴ
1648 1283 1844 1347 δοκοῖ
1867 1278 2097 1366 πλέον,

554 1381 933 1464 ἀνωλόλυξε
962 1381 1075 1448 καὶ
1107 1384 1354 1468 κατῇδε
1378 1379 1686 1469 βάρβαρα

554 1487 717 1572 μέλη
749 1478 1145 1570 μαγεύουσ’,
1178 1477 1268 1560 ὥς
1298 1481 1518 1569 φόνον
1543 1488 1818 1564 νίζουσα
1847 1482 1955 1572 δή.

555 1587 699 1656 ἐπεὶ
725 1586 801 1654 δὲ
831 1581 1045 1674 δαρὸν
1069 1575 1241 1671 ἦμεν
1265 1579 1504 1670 ἥμενοι
1529 1582 1796 1670 χρόνον,

559 1691 849 1774 ἐσῆλθεν
882 1683 1052 1775 ἡμᾶς
1083 1683 1171 1774 μὴ
1214 1688 1540 1764 λυθέντες
1569 1691 1642 1754 οἰ
1664 1688 1841 1767 ξένοι
2207 1700 2342 1755 1340

553 1790 865 1858 κτάνοιεν
898 1785 1115 1876 αὐτὴν
1150 1791 1474 1876 δραπέται
1507 1783 1572 1856 τ’
1611 1794 1923 1875 οἰχοίατο.

558 1893 750 1983 φόβῳ
779 1887 844 1960 δ’
880 1887 924 1960 ἃ
949 1887 1039 1979 μὴ
1068 1897 1238 1980 χρῆν
1268 1895 1540 1978 εἰσορᾶν
1566 1888 1926 1978 καθήμεθα

556 2001 713 2085 σιγῇ
738 2022 752 2035 ·
784 1995 969 2074 τέλος
998 1993 1074 2062 δὲ
1102 1999 1308 2062 πᾶσιν
1333 1983 1421 2079 ἦν
1447 1987 1650 2072 αὐτὸς
1679 1992 1894 2080 λόγος,

557 2104 844 2182 στείχειν
870 2091 963 2164 ἵν’
995 2085 1200 2182 ἦσαν,
1234 2100 1476 2180 καίπερ
1505 2090 1633 2163 οὐκ
1660 2097 1994 2182 ἐωμένοις.

557 2193 891 2268 κάνταῦθ’
926 2193 1191 2284 ὁρῶμεν
1224 2191 1533 2276 Ἑλλάδος
1560 2193 1731 2276 νεῶς
1758 2195 2008 2284 σκάφος
2196 2211 2342 2266 1342)

559 2304 781 2388 ταρσῷ
807 2305 1110 2385 κατῆρες,
1141 2305 1427 2365 πίτυλον
1461 2301 1939 2382 ἐπτερωμένον,

554 2399 804 2480 ναύτας
832 2426 904 2467 τε
936 2395 1333 2489 πεντήκοντ’
1367 2401 1476 2468 ἐπὶ
1506 2407 1824 2486 σκαλμῶν
1854 2398 2101 2479 πλάτας

558 2509 859 2590 ἔχοντας,
891 2505 965 2571 ἐκ
994 2506 1261 2590 δεσμῶν
1296 2502 1372 2570 δὲ
1397 2500 1555 2583 τούς
1581 2510 1853 2584 νεανίας

556 2605 961 2694 ἐλευθέρους
990 2602 1397 2694 πρύμνηθεν
1427 2606 1710 2683 ἑστῶτας
1737 2603 1926 2683 νεώς.

556 2722 818 2786 κοντοῖς
847 2708 923 2776 δὲ
950 2713 1231 2798 πρῷραν
1259 2705 1472 2792 εἶχον,
1503 2713 1570 2774 οἳ
1599 2703 1663 2775 δ’
1697 2708 2046 2774 ἐπωτίδων
2205 2722 2346 2776 1350

560 2808 869 2898 ἄγκυραν
895 2812 1295 2894 ἐξανῆπτον,
1327 2812 1399 2876 οἳ
1419 2807 1495 2876 δὲ
1524 2815 1846 2895 κλίμακας

560 2909 967 2990 σπεύδοντες
996 2899 1167 2996 ἦγον
1194 2907 1308 2976 διὰ
1335 2915 1554 2999 χερῶν
1581 2907 1989 3001 πρυμνήσια,

559 3011 783 3102 πόντῳ
813 3012 887 3079 δὲ
918 3008 1151 3090 δόντες
1180 3026 1328 3079 τοῖν
1353 3014 1574 3094 ξένοιν
1601 3020 1956 3082 καθίεσαν.

558 3109 746 3199 ἡμεῖς
774 3107 842 3181 δ’
874 3108 1394 3201 ἀφειδήσαντες,
1429 3109 1518 3194 ὥς
1558 3119 1902 3201 ἐσείδομεν

559 3213 753 3284 δόλια
778 3209 1145 3303 τεχνήματ’,
1176 3215 1540 3304 εἰχόμεσθα
1565 3224 1679 3304 τῆς
1708 3219 1900 3304 ξένης
2207 3231 2350 3285 1355

559 3324 1004 3406 πρυμνησίων
1028 3344 1133 3404 τε,
1164 3321 1279 3386 καὶ
1308 3317 1402 3388 δι’
1421 3315 1891 3439 ευθυντηρίας
2238 3359 2240 3361 >

560 3428 794 3497 οἴακας
821 3422 1186 3509 ἐξῃροῦμεν
1216 3416 1608 3507 ευπρύμνυυ
1637 3418 1827 3500 νεώς.

559 3521 747 3609 λόγοι
777 3521 837 3588 δ
877 3525 1209 3608 ἐχωόουν·
1241 3527 1378 3588 τίνι
1399 3522 1586 3610 νόμω
1611 3520 2033 3608 πορθμεύετε
