2534 3917
332 174 455 238 374
1104 171 1536 232 ΤΡΩΙΑΔΕΣ

566 344 794 432 δόμων
821 341 1124 431 δάμαρτα
1152 339 1519 429 ξεναπάτης
1546 340 1842 430 ἐλῄσατο.

565 463 785 527 κεῖνος
811 445 935 533 μὲν
962 436 1091 514 οὖν
1120 449 1332 513 ἔδωκε
1359 441 1491 512 σὺν
1524 453 1713 523 θεοῖς
1741 450 1941 532 δίκην

566 545 767 628 αὐτός
794 575 865 617 τε
897 549 1011 617 καὶ
1038 551 1122 636 γῆ
1158 548 1313 636 δορὶ
1342 544 1626 615 πεσοῦσ’
1655 544 2044 639 Ἑλληνικῷ.

566 649 708 742 ήκω
744 651 820 720 δὲ
854 648 977 740 τὴν
1007 648 1361 734 τάλαιναν,
1393 645 1477 718 οὐ
1507 647 1636 741 γὰρ
1665 645 1877 737 ἡδέως

569 753 783 841 ὄνομα
810 752 1140 841 δάμαρτος
1170 747 1216 840 ἦ
1245 745 1395 821 ποτ’
1425 742 1512 839 ἦν
1541 747 1664 839 ἐμὴ
1697 754 1891 839 λέγω,
2251 768 2353 825 870

567 854 773 938 ἄξων·
812 854 1043 944 δόμοις
1071 852 1199 944 γὰρ
1232 849 1446 923 τοῖσδ’
1486 857 1562 923 ἐν
1594 859 2101 941 αἰχμαλωτικοῖς

568 966 1060 1047 κατηρίθμηται
1105 955 1445 1047 Τρῳάδων
1479 953 1705 1025 ἄλλων
1731 959 1913 1044 μέτα.

568 1066 759 1149 οἵπερ
793 1057 922 1149 γὰρ
950 1056 1167 1148 αὐτὴν
1200 1055 1658 1146 ἐξεμόχθησαν
1688 1063 1863 1148 δορί,

571 1179 843 1233 κτανεῖν
868 1165 1023 1250 ἐμοί
1049 1189 1163 1231 νιν
1182 1166 1460 1248 ἔδοσαν,
1497 1169 1631 1230 εἴτε
1656 1159 1746 1249 μὴ
1783 1161 2050 1232 κτανών

567 1262 833 1354 θέλοιμ’
868 1262 1157 1354 ἄγεσθαι
1191 1263 1396 1333 πάλιν
1418 1268 1485 1344 ἐς
1506 1261 1829 1352 Ἀργείων
1855 1263 2098 1350 χθόνα.
2257 1282 2356 1340 875

569 1372 714 1456 ἐμοὶ
748 1365 815 1436 δ’
856 1371 1040 1450 ἔδοξε
1075 1365 1195 1437 τὸν
1221 1366 1348 1453 μὲν
1375 1369 1449 1435 ἐν
1487 1373 1695 1457 Τροίᾳ
1722 1364 1936 1456 μόρον

565 1467 831 1556 Ἑλένης
860 1474 1083 1555 ἐᾶσαι,
1114 1468 1441 1561 ναυπόρῳ
1471 1466 1536 1537 δ’
1570 1463 1764 1557 ἄγειν
1796 1468 2010 1560 πλάτῃ

565 1567 895 1656 Ἑλληνίδ’
937 1577 1031 1651 είς
1065 1577 1194 1658 γῆν
1220 1560 1372 1661 κᾷτ’
1410 1574 1554 1640 ἐκεῖ
1582 1577 1826 1640 δοῦναι
1856 1586 2151 1659 κτανεῖν,

571 1671 809 1754 ποινὰς
854 1674 1003 1740 ὅσοι
1053 1668 1332 1742 τεθνᾶσ’
1367 1676 1442 1742 ἐν
1469 1670 1638 1765 Ἰλίω
1667 1682 1874 1761 φίλοι.

573 1772 719 1845 ἀλλ’
759 1774 861 1846 εἶα
891 1772 1156 1866 χωρεῖτ’
1196 1780 1291 1856 είς
1318 1775 1599 1863 δόμους,
1629 1772 1940 1862 ὀπάονες,
2259 1794 2366 1849 880
2497 1773 2499 1792 '

569 1875 855 1967 κομίζετ’
890 1875 1105 1967 αὐτὴν
1137 1884 1254 1966 τῆς
1279 1878 1817 1966 μιαιφονωτάτης

576 1981 785 2070 κόμης
817 1980 1331 2061 ἐπισπάσαντες·
1367 1978 1589 2070 οὔριοι
1619 1978 1684 2050 δ’
1725 1977 1886 2050 ὅταν

572 2086 774 2153 πνοαὶ
803 2084 1090 2172 μόλωσι,
1121 2086 1469 2172 πέμψομέν
1495 2111 1608 2152 νιν
1633 2079 1932 2153 Ἑλλάδα.

340 2190 482 2252 ΕΚ.
573 2177 629 2254 οἷ
656 2192 776 2274 γῆς
803 2183 1016 2275 ὄχημα
1043 2183 1205 2255 κάπὶ
1232 2193 1356 2274 γῆς
1384 2193 1557 2274 ἔχων
1585 2188 1813 2275 ἕδραν,

578 2283 758 2368 ὅστις
792 2285 938 2358 ποτ’
977 2287 1040 2356 εἶ
1067 2287 1188 2373 σύ,
1218 2288 1674 2369 δυστόπαστος
1707 2292 1977 2376 εἰδέναι,
2257 2307 2364 2362 885

573 2389 779 2475 Ζεύς,
819 2385 940 2458 εἴτ’
981 2387 1237 2477 ἀνάγκη
1267 2387 1521 2476 φύσεος
1552 2401 1682 2460 εἴτε
1710 2398 1874 2472 νοῦς
1899 2398 2186 2481 βροτῶν,

573 2491 1041 2579 προσηυξάμην
1067 2513 1143 2560 σε
1160 2512 1173 2527 ·
1207 2490 1426 2562 πάντα
1452 2491 1580 2584 γὰρ
1609 2490 1702 2562 δι’
1735 2489 2010 2581 ἀψόφου

566 2600 829 2681 βαίνων
854 2593 1191 2664 κελεύθου
1219 2593 1386 2664 κατὰ
1421 2601 1622 2684 δίκην
1648 2595 1729 2665 τὰ
1757 2592 1960 2685 θνήτ’
1994 2593 2199 2684 ἄγεις.

338 2701 498 2764 ΜΕ.
567 2705 638 2766 τί
666 2693 732 2766 δ’
774 2705 990 2781 ἔστιν,
1024 2694 1223 2786 εὐχάς
1257 2693 1346 2778 ὥς
1374 2701 1710 2778 ἐκαίνισας
1738 2704 1946 2768 θεῶν.

338 2803 481 2864 ΕΚ.
573 2806 742 2870 αἰνῶ
771 2822 887 2888 σε,
921 2797 1249 2886 Μενέλα’,
1289 2806 1352 2869 εί
1374 2815 1629 2883 κτενεῖς
1657 2799 1959 2890 δάμαρτα
1987 2802 2133 2890 σήν.
2255 2820 2364 2877 890

572 2898 753 2990 ὁρῶν
781 2905 857 2972 δὲ
884 2903 1085 2992 τήνδε
1118 2909 1366 2992 φεῦγε,
1395 2902 1485 2991 μή
1512 2901 1578 2972 σ’
1619 2907 1735 2994 ἕλῃ
1762 2903 1979 2996 πόθῳ.

570 3007 752 3093 αἱρεῖ
772 3003 900 3092 γὰρ
931 3002 1203 3094 ἀνδρῶν
1234 3002 1500 3094 ὄμματ’,
1530 3009 1781 3096 ἐξαιρεῖ
1799 3004 2043 3095 πόλεις,

569 3113 900 3195 πίμπρησι
934 3103 1000 3174 δ’
1034 3117 1292 3188 οἴκους·
1325 3098 1448 3177 οἷδ’
1481 3115 1612 3196 ἔχει
1642 3108 2004 3198 κηλήματα.

568 3207 701 3297 ἐγώ
734 3237 848 3279 νιν
873 3207 1025 3279 οἴδα
1051 3210 1165 3278 καὶ
1192 3207 1281 3278 σὺ
1307 3215 1420 3298 χοί
1445 3210 1876 3292 πεπονθότες.

340 3314 477 3384 ΕΛ.
563 3315 908 3399 Μενέλαε,
940 3319 1261 3403 φροίμιον
1288 3313 1413 3401 μὲν
1441 3309 1627 3398 άξιον
1655 3313 1878 3402 φόβου
2249 3328 2353 3386 895

570 3413 715 3482 τόδ’
756 3418 939 3483 ἐστίν
958 3439 971 3453 ·
1005 3418 1079 3484 ἐν
1108 3415 1237 3505 γὰρ
1263 3419 1452 3503 χερσὶ
1482 3416 1884 3505 προσπόλων
1909 3417 2117 3485 σέθεν

567 3521 684 3604 βίᾳ
715 3515 844 3602 πρὸ
879 3522 1095 3585 τῶνδε
1121 3515 1450 3602 δωμάτων
1478 3519 1908 3604 ἐκπέμπομαι.
