2534 3917
68 0 507 161 ,Γ

1041 201 1338 261 ΚΥΚΛΩ,
1354 203 1414 260 Ψ
2097 199 2220 264 169

444 374 704 445 τούτων
733 371 883 451 ἑνὸς
914 372 1293 460 ληφθέντες
1322 368 1521 457 ἐσμὲν
1547 372 1621 438 ἐν
1650 367 1879 459 δόμοις

446 483 681 546 δοῦλοι
702 497 716 511 ·
746 479 1030 543 καλοῦσι
1061 467 1128 540 δ’
1157 469 1370 541 αὐτὸν
1402 461 1459 563 ᾦ
1474 470 1895 560 ’λατρεύομεν

443 574 883 665 Πολύφημον.
919 571 1070 642 ἀντὶ
1102 570 1168 642 δ’
1206 571 1415 642 εὐίων
1443 574 1927 662 βακχευμάτων
2156 593 2222 646 25

444 687 727 766 ποίμνας
757 675 1132 755 Κύκλωπος
1158 672 1441 744 ἀνοσίου
1469 683 1930 764 ποιμαίνομεν.

446 786 680 860 παῖδες
706 779 830 867 μὲν
857 767 986 848 οὖν
1011 804 1125 865 μοι
1151 776 1443 846 κλιτύων
1471 781 1545 846 έν
1574 781 1867 865 ἐσχάτοις

448 885 728 969 νέμουσι
753 887 928 969 μῆλα
953 882 1074 949 νέα
1102 881 1246 949 νέοι
1275 877 1672 968 πεφυκότες,

449 984 580 1072 ἐγώ
612 984 686 1053 δὲ
715 989 1022 1072 πληροῦν
1049 989 1295 1071 πίστρα
1326 983 1440 1050 καὶ
1469 989 1733 1073 σαίρειν
1760 985 1998 1071 στέγας

447 1089 672 1174 μένων
698 1089 1011 1172 τέταγμαι
1039 1083 1275 1171 τάσδε,
1305 1089 1397 1175 τῷ
1423 1111 1496 1152 τε
1526 1090 1847 1172 δυσσεβεῖ
2158 1103 2227 1158 30

450 1188 777 1257 Κύκλωπι
809 1192 1108 1256 δείπνων
1136 1181 1431 1254 ἀνοσίων
1460 1186 1790 1266 διάκονος.

449 1293 562 1358 καὶ
588 1296 720 1359 νῦν
747 1287 828 1359 τὰ
855 1284 1342 1377 προσταχθέντ’
1376 1283 1757 1373 ἀναγκαίως
1786 1296 1918 1374 ἔχει

452 1399 712 1481 σαίρειν
737 1396 984 1480 σιδηρᾷ
1010 1391 1174 1480 τῇδέ
1194 1387 1266 1476 μ’
1299 1385 1566 1479 ἁρπάγῃ
1594 1389 1866 1478 δόμους,

457 1490 546 1574 ὥς
570 1493 689 1562 τόν
720 1491 782 1561 τ’
816 1490 1071 1561 ἀπόντα
1101 1491 1434 1580 δεσπότην
1460 1488 1789 1562 Κύκλωπ’
1827 1489 1990 1580 ἐμὸν

452 1606 855 1683 καθαροῖσιν
883 1591 1150 1683 ἄντροις
1177 1593 1357 1681 μῆλά
1382 1591 1441 1662 τ’
1476 1593 1953 1683 εἰσδεχεόμεθα.
2164 1613 2229 1665 35

453 1695 584 1785 ἤδη
615 1697 690 1765 δὲ
717 1701 961 1774 παῖδας
989 1698 1488 1783 προσνέμοντας
1517 1703 1757 1786 εἰσορῶ

450 1807 756 1885 ποίμνας.
805 1804 877 1864 τί
895 1803 1140 1878 ταῦτα;
1169 1803 1318 1882 μῶν
1344 1796 1580 1886 κρότος
1607 1804 1959 1867 σικινίδων

451 1896 681 1986 ὅμοιος
706 1894 870 1986 ὑμῖν
899 1903 1033 1965 νῦν
1058 1924 1130 1964 τε
1162 1893 1330 1982 χῶτε
1361 1905 1628 1988 Βακχίῳ

453 2001 704 2089 κώμοις
728 2003 1244 2078 συνασπίζοντες
1263 1996 1575 2078 Ἀλθαίας
1599 2000 1851 2085 δόμους

455 2099 733 2192 προσῇτ’
766 2098 1024 2182 ἀοιδαῖς
1050 2108 1394 2189 βαρβίτων
1423 2101 1911 2189 σαυλούμενοι;
2163 2121 2235 2172 40

219 2211 367 2286 XO„
449 2212 542 2294 πᾷ
569 2232 682 2292 μοι
710 2210 1045 2292 γενναίων
1078 2207 1387 2295 πατέρων
1936 2225 2077 2293 στρ.

455 2315 790 2395 γενναίων
817 2303 876 2374 τ’
909 2309 982 2375 ἐκ
1009 2305 1337 2392 τοκάδων,

458 2415 551 2500 πᾷ
579 2409 662 2496 δή
690 2436 801 2496 μοι
828 2414 1001 2478 νίσει
1024 2406 1426 2486 σκοπέλους;

461 2507 543 2578 οὐ
573 2507 724 2602 τᾷδ’
761 2507 1104 2597 ὑπήνεμος
1132 2506 1311 2597 αὔρα

462 2614 573 2680 καὶ
602 2609 848 2700 ποιηρά
873 2609 1146 2699 βοτάνα,
1815 2633 1829 2644 ·
2166 2627 2233 2679 45

459 2717 693 2784 δινᾶέν
719 2711 796 2782 θ’
828 2709 1019 2798 ὕδωρ
1049 2719 1368 2798 ποταμῶν

459 2819 533 2884 ἐν
561 2824 866 2905 πίστραις
895 2829 1107 2883 κεῖται
1134 2815 1338 2893 πέλας
1367 2811 1491 2881 ἀν-

459 2944 672 3006 τρων,
702 2907 788 2987 οὗ
814 2937 918 2985 σοι
946 2918 1186 3002 βλαχαὶ
1213 2918 1496 2984 τεκέων·
1480 2967 1498 2998 ,

459 3019 712 3107 ψύττα,
739 3016 826 3088 συ
855 3015 1004 3087 τάδ’
1038 3044 1155 3104 ου,
1185 3045 1315 3087 κου
1345 3017 1503 3086 τάδε
1532 3033 1740 3124 νεμεῑ,

463 3127 494 3159 *
535 3125 567 3158 *
615 3120 852 3186 κλιτὺν
875 3121 1244 3207 δροσεράν;
2173 3137 2243 3186 50

463 3218 594 3309 ὥή,
627 3225 802 3309 ῥίψω
832 3223 1077 3311 πέτρον
1103 3221 1268 3308 τάχα
1296 3243 1457 3291 σου·

462 3314 760 3410 ὕπαγ’
705 3351 756 3392 ω
787 3319 993 3410 υπαγ’
1029 3351 1081 3390 ω
1115 3318 1425 3412 κεράστα,

463 3424 801 3513 μηλοβότα
830 3422 1204 3513 στασιωρὸν

921 3546 986 3597 41
1006 3571 1079 3581 --
1098 3547 1168 3598 54
1189 3565 1271 3592 z
1292 3547 1362 3599 55
1380 3570 1453 3580 -···
1470 3543 1541 3599 68
