2534 3917
994 191 1425 251 ΤΡΩΙΑΔΕΣ
2055 191 2176 256 367

392 371 586 453 κείνη
618 359 685 432 δ’
718 359 965 450 ὁμοίως
995 357 1220 451 ῶσπερ
1250 359 1378 432 οῦκ
1409 367 1648 432 ἰδοῦσα
1678 370 1823 452 φῶς

393 470 683 554 τέθνηκε
710 461 960 534 κούδὲν
988 463 1130 534 οἶδε
1160 471 1298 533 τῶν
1327 460 1532 552 αὑτῆς
1559 473 1808 536 κακῶν.

392 566 523 657 ἐγὼ
556 567 633 637 δὲ
658 566 1022 650 τοξεύσασα
1055 573 1171 655 τῆς
1202 563 1506 648 εὐδοξίας

398 677 693 759 λαχοῦσα
725 679 1039 739 πλεῖστον
1067 676 1186 755 τῆς
1212 671 1417 756 τύχης
1441 671 1848 760 ἡμάρτανον.

393 769 438 841 ὁὶ
465 770 595 861 γὰρ
622 773 891 857 γυναιξὶ
918 767 1223 860 σώφρον’
1258 765 1411 840 ἔσθ’
1435 766 1801 858 ηὑρημένα,
2077 790 2180 846 645

395 870 583 944 ταῦτ’
616 872 1029 960 ἐξεμόχθουν
1053 868 1372 963 ’Έκτορος
1396 870 1564 942 κατὰ
1589 875 1844 960 στέγας.

398 983 665 1066 πρῶτον
691 977 851 1063 μέν,
884 981 1056 1044 ἔνθα
1083 968 1211 1044 κᾶν
1238 975 1456 1064 προσῇ
1483 969 1612 1043 κᾶν
1638 973 1728 1062 μὴ
1760 984 1976 1069 προσῇ

395 1077 599 1166 ψόγος
625 1079 967 1165 γυναιξίν,
1001 1073 1167 1147 αὐτὸ
1195 1072 1380 1146 τοῦτ’
1413 1079 1763 1164 ἐφέλκεται

396 1186 617 1260 κακῶς
646 1174 957 1267 ἀκούειν,
987 1175 1131 1268 ἥτις
1160 1175 1287 1246 οῦκ
1317 1183 1518 1247 ἔνδον
1546 1182 1755 1266 μένει,

396 1282 639 1352 τούτου
668 1297 954 1372 παρεῖσα
982 1281 1206 1351 πόθον
1235 1287 1516 1368 ἔμιμνον
1546 1283 1620 1350 ἐν
1649 1281 1879 1370 δόμοις
2079 1301 2180 1357 650

400 1394 559 1453 εἴσω
587 1384 982 1475 μελάθρων·
1013 1380 1238 1472 κομψὰ
1264 1389 1566 1470 θηλειῶν
1595 1390 1721 1471 ἔπη
1748 1413 1752 1417 ·

397 1483 524 1555 οῦκ
577 1493 1029 1578 είσεφριέμην,
1064 1487 1183 1556 τὸν
1211 1485 1288 1556 δὲ
1315 1491 1487 1554 νοῦν
1517 1485 1928 1556 διδάσκαλον

396 1599 677 1659 οἴκοθεν
706 1595 949 1676 ἔχουσα
974 1585 1266 1680 χρηστὸν
1281 1587 1621 1678 ἐξήρκουν
1647 1592 1814 1676 ἐμοί.

397 1691 798 1781 γλῶσσηςτε
824 1690 1025 1780 σιγὴν
1054 1688 1234 1780 ὄμμα
1263 1686 1341 1759 θ’
1375 1685 1628 1778 ἥσυχον
1657 1691 1850 1761 πόσει

396 1809 747 1884 παρεῖχον·
812 1798 945 1881 ᾔδη
1001 1790 1065 1864 δ’
1100 1789 1225 1881 ἁμὲ
1250 1798 1422 1883 χρῆν
1448 1798 1650 1861 νικᾶν
1678 1793 1900 1882 πόσιν,
2075 1810 2178 1865 655

395 1903 598 1988 κείνω
625 1923 697 1966 τε
724 1904 924 1984 νίκην
953 1887 1051 1965 ῶν
1078 1899 1280 1986 ἐχρῆν
1309 1897 1641 1984 παριέναι.

396 1999 509 2067 καὶ
536 2003 753 2067 τῶνδε
782 1997 1051 2087 κληδὼν
1081 2003 1175 2078 είς
1202 1993 1560 2086 στράτευμ’
1599 1993 1906 2084 Ἀχαϊκὸν

394 2097 670 2170 ἐλθοῦσ’
705 2097 1049 2171 ἀπώλεσέν
1077 2096 1154 2188 μ’
1172 2122 1187 2136 ·
1218 2100 1365 2168 ἐπεὶ
1393 2095 1521 2188 γὰρ
1549 2094 1832 2188 ᾑρέθην,

392 2198 738 2289 Ἀχιλλέως
764 2231 847 2292 με
876 2219 1031 2285 παῖς
1058 2201 1404 2292 ἐβουλήθη
1433 2208 1668 2288 λαβεῖν

398 2305 733 2394 δάμαρτα·
767 2306 1115 2376 δουλεύσω
1146 2301 1212 2374 δ’
1246 2309 1322 2374 ἐν
1351 2300 1711 2373 αὐθεντῶν
1738 2302 1987 2391 δόμοις.
2075 2319 2180 2374 660

398 2413 507 2476 κεί
526 2407 651 2495 μὲν
677 2406 1017 2499 παρῶσασ’
1042 2404 1358 2498 Ἕκτορος
1387 2414 1593 2494 φίλον
1619 2406 1792 2497 κάρα

397 2507 563 2597 πρὸς
589 2507 708 2578 τὸν
740 2511 1039 2600 παρόντα
1067 2508 1268 2580 πόσιν
1297 2505 1650 2591 ἀναπτύξω
1683 2511 1919 2597 φρένα,

396 2610 566 2699 κακὴ
603 2619 951 2700 φανοῦμαι
977 2617 1071 2704 τῷ
1098 2611 1417 2682 θανόντι·
1448 2609 1647 2680 τόνδε
1677 2606 1742 2680 δ’
1776 2601 1866 2678 αὖ

398 2712 750 2796 στέργουσ’
784 2717 1071 2802 ἐμαυτῆς
1100 2715 1455 2791 δεσπόταις
1481 2715 1864 2799 μισήσομαι.

397 2821 613 2884 καίτοι
643 2817 958 2904 λέγουσιν
988 2811 1077 2894 ῶς
1103 2810 1203 2902 μί’
1242 2808 1546 2903 εὐφρόνη
1574 2817 1744 2902 χαλᾷ
2079 2825 2180 2882 665

398 2914 471 2983 τὸ
506 2917 833 3004 δυσμενὲς
861 2915 1183 3005 γυναικὸς
1214 2922 1308 2995 είς
1336 2911 1586 3004 ἀνδρὸς
1615 2915 1801 3000 λέχος
1818 2934 1832 2948 ·

398 3013 751 3100 [ἀπέπτυσ’
785 3015 1033 3106 αὐτήν,
1063 3015 1207 3106 ἥτις
1234 3015 1603 3112 ἄνδρα-τὸν
1628 3015 1836 3105 πάρος

399 3135 693 3190 καινοῖσι
719 3123 1020 3212 λέκτροις
1047 3115 1464 3208 ἄποβαλοῦσ’
1499 3115 1705 3188 ἄλλον
1734 3119 1962 3204 φιλεῐ.]

395 3217 543 3289 ἄλλ’
577 3219 739 3293 οὐδὲ
772 3230 991 3304 πῶλος
1020 3219 1164 3312 ἥτις
1198 3218 1284 3292 ἂν
1313 3227 1593 3310 διαζυγῇ

394 3329 509 3410 τῆς
540 3333 1066 3416 συντραφείσης,
1094 3327 1346 3415 ῥᾳδίως
1371 3324 1543 3404 ἕλξει
1570 3319 1791 3409 ζυγόν.
2079 3335 2183 3390 670

398 3433 616 3494 καίτοι
642 3424 715 3496 τὸ
744 3433 1085 3516 θηριῶδες
1114 3423 1474 3516 ἄφθογγόν
1502 3421 1562 3493 τ’
1597 3431 1730 3512 ἔφυ

399 3529 664 3608 ξυνέσει
690 3525 751 3598 τ’
787 3525 1123 3620 ἄχρηστον
1143 3535 1224 3618 τῇ
1254 3528 1459 3618 φύσει
1489 3555 1560 3597 τε
1587 3535 1904 3597 λείπεται.

1411 3811 1446 3884 *x
