2534 3917
316 159 443 218 382

1082 153 1506 212 ΤΡΩΙΛΔΕΣ

546 324 817 409 λάφυρα
851 312 1187 384 τάπίλοιπ’
1216 312 1582 402 Ἀχιλλείου
1609 315 1805 385 τόκου

540 425 763 506 μέλλει
791 413 957 504 πρὸς
985 411 1187 497 ἀκτὰς
1214 426 1612 488 ναυστολεῖν
1638 418 2050 502 Φθιώτιδας·
2179 442 2321 494 1125

542 517 743 598 αὐτὸς
773 513 837 586 δ’
872 513 1150 605 ἀνῆκται
1176 519 1676 608 Νεοπτόλεμος,
1706 521 1939 602 καινάς
1962 551 2154 606 τινας

538 620 814 706 Πηλέως
840 615 1130 700 ἀκούσας
1158 621 1541 710 συμφοράς,
1573 649 1664 702 ως
1693 650 1803 692 νιν
1832 622 2078 710 χθονὸς

521 718 843 802 ’Ἄκαστος
874 718 1334 852 ἐκβέβληκεν’
1303 750 1338 790 ο
1368 730 1623 792 Πελίου
1649 723 1866 811 γόνος.

542 813 627 891 οῦ
654 830 915 892 θᾶσσον
948 827 1150 892 εἵνεκ’
1158 825 1294 910 ,ού
1325 830 1520 910 χάριν
1549 833 1760 914 μονῆς
1789 834 1992 914 ἔχων,

542 930 874 1014 φροῦδος,
930 921 1074 1013 μετ’
1132 921 1346 994 αὐτοῦ
1403 921 1468 995 δ’
1529 922 1940 1017 Ἀνδρομάχη
1958 981 1976 1015 ,
2043 940 2324 1002 πολλῶν

1218 1028 1366 1114 ἐμοὶ
2183 1051 2324 1104 1130

542 1127 858 1219 δακρύων
885 1124 1177 1216 ἀγωγός,
1207 1123 1389 1216 ἡνίκ’
1422 1125 1679 1217 ἐξώρμα
1705 1129 1953 1216 χθονὸς

546 1231 802 1318 πάτραν
829 1226 889 1299 τ’
923 1227 1379 1300 ἀναστένουσα
1405 1231 1516 1298 καὶ
1545 1227 1664 1298 τὸν
1687 1227 1998 1322 Ἕκτορος

546 1333 803 1422 τύμβον
830 1335 1394 1419 προσεννέπουσα.
1426 1338 1545 1400 καί
1565 1327 1688 1417 σφ’
1721 1330 2008 1422 ᾐτήσατο

543 1435 761 1514 θάψαι
788 1430 1035 1520 νεκρὸν
1061 1431 1273 1518 τόνδ’,
1305 1429 1378 1513 ὃς
1403 1431 1629 1502 πεσών
1657 1436 1730 1502 ἐκ
1757 1438 2030 1521 τειχέων

543 1534 766 1622 ψυχὴν
795 1531 1056 1620 ἀφῆκεν
1080 1529 1391 1621 Ἕκτορος
1417 1541 1538 1603 τοῦ
1567 1541 1690 1602 σοῦ
1717 1535 1934 1624 γόνος,
2183 1556 2324 1610 1135

543 1635 759 1724 φόβον
786 1632 846 1703 τ’
872 1631 1185 1721 Ἀχαιῶν,
1213 1635 1638 1723 χαλκόνωτον
1667 1633 1916 1706 ἀσπίδα

542 1734 758 1826 τήνδ’,
790 1733 877 1826 ἣν
904 1735 1119 1826 πατὴρ
1149 1735 1339 1806 τοῦδ’
1373 1734 1547 1826 ἀμφὶ
1574 1736 1816 1830 πλεύρ’
1850 1740 2185 1831 ἐβάλλετο,

540 1840 630 1928 μή
656 1869 767 1910 νιν
794 1847 1118 1930 πορεῦσαι
1143 1843 1422 1928 Πηλέως
1448 1835 1559 1927 ἐφ’
1594 1841 1839 1928 ἑστίαν,

545 1939 703 2030 μηδ’
741 1949 833 2021 εἰς
860 1940 981 2012 τὸν
1008 1938 1219 2011 αὐτὸν
1252 1943 1594 2029 θάλαμον,
1629 1933 1712 2010 οὗ
1739 1942 2200 2032 νυμφεύσεται

543 2044 756 2133 μήτηρ
776 2051 1025 2134 νεκροῦ
1054 2040 1242 2113 τοῦδ’
1275 2041 1708 2134 Ἀνδρομάχη,
1728 2044 1943 2126 λύπας
1970 2042 2160 2136 ὁρᾶν,
2179 2065 2320 2119 1140

544 2143 693 2214 ἀλλ’
726 2143 874 2215 ἀντὶ
903 2149 1149 2236 κέδρου
1177 2145 1558 2234 περιβόλων
1585 2173 1656 2214 τε
1683 2153 1936 2216 λαΐνων

544 2251 618 2316 ἐν
644 2253 803 2336 τῇδε
830 2248 1047 2330 θάψαι
1076 2252 1280 2316 παῖδα
1299 2269 1314 2283 ·
1345 2246 1462 2327 σᾶς
1496 2244 1561 2316 δ’
1597 2250 1661 2327 ἐς
1693 2244 1941 2329 ὠλένας

544 2355 816 2433 δοῦναι,
853 2351 1203 2418 πέπλοισιν
1238 2343 1326 2428 ὡς
1353 2357 1769 2439 περιστείλῃς
1800 2349 2046 2438 νεκρὸν

542 2447 895 2536 στεφάνοις
929 2446 1031 2536 θ’,
1064 2445 1185 2538 ὅση
1222 2471 1325 2518 σοι
1356 2451 1674 2538 δύναμις,
1707 2447 1795 2531 ὥς
1821 2459 1952 2540 ἔχει
1979 2451 2060 2522 τᾶ
2089 2451 2195 2540 σά,

544 2552 687 2620 ἐπεὶ
720 2552 964 2640 βέβηκε
993 2553 1106 2621 καὶ
1135 2549 1208 2622 τὸ
1240 2552 1570 2623 δεσπότου
1596 2552 1786 2640 τάχος
2177 2570 2308 2625 1145

545 2651 842 2744 ἀφείλετ’
877 2652 1091 2745 αὐτὴν
1121 2661 1328 2725 παῖδα
1354 2653 1444 2744 μὴ
1473 2660 1711 2724 δοῦναι
1741 2655 1952 2746 τάφῳ.

544 2755 731 2847 ἡμεῖς
757 2757 881 2846 μὲν
910 2749 1069 2844 οῦν,
1101 2754 1263 2828 ὅταν
1291 2756 1378 2827 σὺ
1405 2756 1736 2847 κοσμήσῃς
1764 2760 1993 2844 νέκυν,

542 2868 673 2948 γῆν
706 2856 866 2952 τῷδ’
900 2859 1419 2949 ἐπαμπισχόντες
1452 2855 1748 2947 ἀροῦμεν
1776 2857 1978 2950 δόρυ·

540 2961 625 3030 σὺ
655 2959 721 3030 δ’
757 2957 846 3040 ὦς
872 2963 1140 3048 τάχιστα
1173 2969 1426 3051 πρᾶσσε
1455 2958 1969 3048 τάπεσταλμένα.

543 3061 691 3142 ἑνὸς
717 3061 843 3151 μὲν
870 3053 997 3130 οὖν
1023 3064 1290 3150 μόχθου
1323 3060 1388 3131 σ’
1421 3061 1793 3150 ἀπαλλάξας
1822 3070 1948 3151 ἔχω
1967 3084 1981 3099 ·
2178 3081 2301 3136 1150

545 3168 1062 3254 Σκαμανδρίους
1088 3163 1216 3254 γὰρ
1248 3164 1445 3233 τάσδε
1475 3171 1815 3256 διαπερῶν
1850 3163 2006 3254 ῥοᾶς

544 3276 787 3338 ἔλουσα
814 3263 1061 3356 νεκρὸν
1089 3263 1424 3348 κάπένιψα
1457 3268 1818 3357 τραύματα.

540 3367 695 3438 ἀλλ’
731 3365 861 3454 εἶμ’
895 3364 1186 3457 ὀρυκτὸν
1212 3366 1372 3459 τῷδ’
1405 3366 1798 3458 ἀναρρήξων
1825 3369 2062 3457 τάφον,
