2534 3917
1053 186 1443 245 οΡΕΣΤΗΣ
1744 266 1747 269 ,
2116 183 2244 247 289
2272 142 2277 147 ’

461 367 652 447 εἴπερ
687 354 816 447 γὰρ
853 365 1010 425 εἴσω
1038 362 1161 444 γῆς
1195 350 1615 439 ἄκοντίζουσ’
1655 350 1834 445 ἀραί,

455 459 670 529 κλύει.
704 456 790 527 συ
826 454 920 546 δ’,
955 448 1010 526 ὦ
1036 465 1173 527 Ζεῦ
1206 456 1501 549 πρόγονε
1527 458 1642 526 καὶ
1667 464 1887 545 Δίκης
1919 459 2139 548 σέβας,

457 558 600 631 δότ’
642 556 1003 648 εὐτυχῆσαι
1036 557 1197 654 τῷδ’
1230 564 1379 647 ἐμοί
1409 587 1481 629 τε
1508 562 1671 649 τῇδέ
1697 581 1801 629 τε·

458 678 754 753 τρισσοῖς
788 670 1013 751 φίλοις
1045 661 1174 752 γὰρ
1209 658 1304 743 εἷς
1332 658 1549 750 ἄγων,
1589 667 1743 750 δίκη
1784 670 1904 751 μία

459 761 524 853 [ἢ
554 772 676 853 ζῆν
709 760 959 834 ἅπασιν
991 758 1034 852 ἦ
1067 776 1313 834 θανεῖν
1348 761 1739 855 ὀφείλεται].
2108 778 2245 834 1245

225 877 376 941 HA.
457 872 860 955 Μυκηνίδες
895 856 951 935 ὦ
985 874 1241 957 φίλιαι,
1892 885 2032 958 στρ.

458 968 540 1039 τὰ
574 977 805 1059 πρῶτα
831 966 1000 1038 κατὰ
1029 965 1389 1058 Πελασγὸν
1415 971 1563 1051 ἕδος
1589 966 1931 1060 Ἀργείων.

230 1083 372 1143 ΧΟ.
455 1079 609 1142 τίνα
641 1083 873 1164 θροεῖς
903 1067 1157 1158 αὐδάν,
1188 1072 1461 1155 πότνια;
1498 1062 1893 1165 παραμένεί

463 1172 591 1264 γὰρ
624 1181 722 1244 ἔτι
752 1195 857 1243 σοι
884 1170 1030 1253 τόδ’
1064 1178 1140 1244 ἐν
1164 1178 1534 1243 Δαναϊδῶν
1562 1174 1772 1244 πόλει.
2107 1190 2247 1244 1250

232 1284 380 1347 HA.
460 1272 662 1361 στῆθ’
695 1282 776 1345 αἳ
795 1275 920 1364 μὲν
948 1272 1144 1364 ὑμῶν
1173 1272 1370 1346 τόνδ’
1401 1272 1700 1368 ἁμαξήρη
1728 1283 1986 1364 τρίβον,

459 1385 536 1447 αἳ
556 1374 622 1446 δ’
663 1373 902 1448 ἐνθάδ’
934 1374 1141 1447 ἄλλον
1172 1377 1366 1467 οἷμον
1402 1384 1495 1459 εἰς
1523 1376 1835 1470 φρουρὰν
1864 1376 2111 1468 δόμων.

230 1490 373 1551 ΧΟ.
460 1488 532 1549 τί
554 1483 634 1550 δέ
656 1508 738 1568 με
763 1480 919 1552 τόδε
943 1484 1134 1570 χρέος
1166 1477 1425 1564 ἀπύεις,

459 1586 706 1651 ἔννεπέ
726 1609 872 1669 μοι,
904 1591 1090 1669 φίλα.

237 1693 380 1755 ΗΛ.
464 1684 673 1773 φόβος
703 1691 837 1772 ἔχει
870 1713 952 1773 με
981 1684 1073 1774 μή
1106 1712 1203 1765 τις
1231 1686 1341 1755 ἐπὶ
1375 1684 1633 1773 δώμασι
2114 1699 2243 1753 1255
2289 1748 2297 1756 .

460 1788 736 1868 σταθεὶς
762 1789 872 1858 ἐπὶ
901 1794 1176 1877 φοίνιον
1201 1782 1365 1873 αἷμα

462 1888 728 1978 πήματα
757 1889 1056 1978 πήμασιν
1085 1887 1343 1979 ἐξεύρῃ.

235 1999 502 2061 ΗΜΙΧ.
531 1988 822 2081 χωρεῖτ’,
855 1987 1303 2080 ἐπειγώμεσθ’
1326 2012 1340 2026 ·
1374 1987 1503 2078 ἐγώ
1533 1990 1658 2077 μὲν
1686 1980 1815 2058 οὖν
1843 1995 2076 2079 τρίβον

464 2089 650 2162 τόνδ’
685 2094 1036 2183 ἐκφυλάξω
1054 2145 1074 2181 ,
1103 2091 1225 2161 τὸν
1251 2089 1420 2181 πρὸς
1446 2088 1643 2181 ἡλίου
1670 2090 1888 2180 βολάς.

234 2204 503 2266 ΗΜΙΧ.
535 2197 652 2267 καὶ
676 2195 813 2284 μὴν
838 2194 970 2284 ἐγώ
1002 2192 1218 2283 τόνδ’,
1249 2190 1324 2275 ὃς
1356 2192 1523 2286 πρὸς
1550 2195 1839 2285 ἑσπέραν
1868 2195 2080 2284 φέρει.
2112 2209 2246 2265 1260

237 2306 383 2371 ΗΛ.
468 2297 709 2385 δόχμιά
742 2326 874 2368 νυν
901 2297 1107 2387 κόρας
1137 2294 1411 2389 διάφερ’
1444 2294 1759 2386 ὀμμάτων

466 2403 736 2469 ἐκεῖθεν
762 2396 1030 2487 ἐνθάδ’,
1065 2397 1204 2468 εἶτα
1234 2398 1748 2470 παλινσκοπιάν.

233 2509 502 2571 ΗΜΙΧ.
535 2508 770 2589 ἔχομεν
795 2498 884 2582 ὥς
911 2512 1161 2593 θροεῖς.
2114 2516 2246 2571 1265

236 2609 386 2673 HA.
467 2605 766 2673 ἑλίσσετέ
788 2632 919 2674 νυν
947 2605 1292 2694 βλέφαρον
1943 2599 2085 2672 ἀντ.

468 2705 672 2794 κόρας
699 2705 966 2775 διάδοτε
996 2702 1110 2773 διὰ
1142 2707 1537 2791 βοστρύχων
1566 2706 1803 2787 πάντῃ.

239 2815 509 2876 ΗΜΙΧ.
539 2804 657 2876 ὅδε
685 2814 784 2888 τίς
811 2812 886 2876 ἐν
911 2814 1158 2900 τρίβως
1191 2804 1509 2896 πρόσεχε,
1542 2814 1642 2889 τίς
1672 2803 1779 2877 ὅδ’
1817 2802 1929 2896 ἄρ’
1965 2802 2093 2894 άμ-

472 2911 552 2997 φὶ
584 2911 930 3000 μέλαθρον
958 2918 1154 2979 πολεῖ
1173 2906 1299 2979 σὸν
1325 2904 1610 2999 ἀγρότας
1638 2906 1846 3000 ἄνήρς
2113 2922 2249 2979 1270

179 3056 188 3060 -
241 3016 384 3077 HA.
470 3007 903 3099 ἀπωλόμεσθ’
939 3008 1085 3102 ἄρ’,
1117 3002 1174 3080 αἶ
1199 3018 1423 3101 φίλαι·
1455 3014 1961 3104 κεκρυμμένους

469 3120 691 3203 θῆρας
721 3113 1026 3205 ξιφήρεις
1057 3111 1284 3184 αὐτίκ’
1324 3118 1669 3206 ἐχθροῖσιν
1692 3128 1917 3205 φανεῖ.

235 3222 506 3284 ΗΜΙΧ.
540 3211 796 3303 ἄφοβος
825 3222 962 3304 ἔχε·
994 3217 1222 3304 κενός,
1254 3208 1310 3285 ὦ
1337 3224 1523 3306 φίλα,

479 3323 703 3405 στίβος
737 3313 818 3387 ὃν
847 3315 931 3387 οὐ
961 3324 1200 3400 δοκεῖς.

239 3424 389 3489 ΗΛ.
473 3426 545 3486 τί
568 3421 648 3488 δέ
662 3449 679 3501 ;
709 3416 783 3487 τὸ
813 3418 937 3489 σὸν
962 3422 1239 3508 βέβαιον
1267 3426 1362 3489 ἔτι
1391 3448 1505 3508 μοι
1532 3424 1753 3508 μένεις
2116 3433 2250 3489 1276

793 3540 930 3594 1246
946 3565 1022 3573 -—-
1041 3542 1176 3596 1265
1196 3560 1281 3589 =
1308 3542 1439 3597 1266
1465 3567 1536 3577 -
1556 3542 1689 3596 1285

409 3632 590 3672 nvp-11⁸.
634 3634 760 3675 vot..
807 3619 868 3673 11.
1832 3612 1913 3675 19
