2534 3917
257 172 380 235 238

264 1063 378 1125 [A.

260 1165 424 1225 ΜΗ

258 1267 378 1326 ΙΑ.

258 1367 425 1428 ΜΗ.

264 1470 377 1529 [Α.

257 1571 424 1632 ΜΗ.

259 1675 376 1734 IA.

260 1776 424 1836 MH.

256 1879 376 1938 IA.

255 1979 423 2040 MH.

254 2082 376 2142 IA.

256 2181 424 2244 ΜΗ.

254 2285 374 2345 ΙΛ.

255 2387 422 2449 ΜΗ.

173 2487 183 2496 ’
255 2491 374 2549 ΙΑ.

253 2591 421 2653 ΜΗ.

257 2695 371 2754 ῙΑ.

257 2797 420 2858 ΜΗ.

1099 172 1449 230 ΜΗΔΕΙΑ

489 341 576 414 σύ
610 339 676 412 δ’
711 339 839 412 οὐκ
867 348 1135 429 ἔμελλες
1161 338 1317 430 τᾶμ’
1350 338 1671 428 ἀτιμάσας
1699 341 1853 428 λέχη

489 442 782 534 τερπνὸν
816 442 1070 525 διάξειν
1097 451 1331 532 βίοτον
1359 446 1653 530 ἐγγελῶν
1681 446 1850 530 ἐμοὶ,
2141 459 2277 513 1355

492 544 656 618 οὐδ’
683 542 726 635 ἡ
761 545 1092 635 τύραννος
1135 543 1299 614 οὐδ’
1329 541 1364 613 ὁ
1393 546 1501 613 σοὶ
1531 545 1854 632 προσθεὶς
1881 540 2135 631 γάμους

491 649 732 737 Κρέων
761 645 956 716 ἀνατὶ
982 648 1188 734 τῆσδέ
1210 644 1282 732 μ’
1316 650 1628 733 ἐκβαλεῖν
1659 643 1929 732 χθονός.

491 747 658 839 πρὸς
685 756 896 818 ταῦτα
930 750 1043 817 καὶ
1070 750 1381 834 λέαιναν,
1420 753 1484 816 εἰ
1508 747 1741 836 βούλει
1761 798 1780 834 ,
1812 746 2001 815 κάλει

489 853 603 919 καὶ
631 851 953 920 Σκύλλαν
980 846 1026 937 ἢ
1061 849 1415 939 Τυρσηνὸν
1444 846 1707 942 ᾤκησεν
1735 851 1970 918 πέδον·

496 960 611 1039 τῆς
639 959 758 1040 σῆς
786 950 915 1041 γὰρ
947 947 1036 1031 ὥς
1061 949 1186 1042 χρὴ
1215 958 1498 1042 καρδίας
1528 949 1961 1040 ἄνθηψάμην.
2140 965 2281 1022 1360

485 1052 702 1144 καύτή
727 1081 806 1143 γε
840 1062 1046 1123 λυπεῖ
1069 1056 1181 1123 καὶ
1212 1060 1443 1124 κακῶν
1472 1052 1795 1133 κοινωνὸς
1825 1051 1902 1121 εἶ.

483 1153 649 1245 σάφ’
683 1166 864 1226 ἴσθι·
897 1155 1045 1226 λύει
1079 1152 1142 1226 δ’
1177 1153 1409 1244 άλγος,
1446 1151 1533 1245 ἦν
1560 1153 1648 1225 σύ
1691 1152 1779 1244 μὴ
1816 1150 2100 1245 ’γγελᾷς.

488 1287 539 1327 ω
569 1261 770 1328 τέκνα
787 1312 805 1347 ,
838 1257 1087 1382 μητρὸς
1115 1287 1204 1339 ως
1231 1265 1442 1347 κακῆς
1469 1258 1815 1348 ἐκύρσατε.

491 1389 542 1430 ω
536 1367 842 1482 „wald-59,
875 1389 964 1440 ως
997 1357 1258 1430 ωλεσθε
1287 1362 1565 1485 πατρῴα
1591 1357 1793 1451 νόσω.

487 1489 676 1531 ουτοι
704 1491 836 1531 νυν
865 1458 1000 1551 ἡμὴ
1036 1463 1221 1544 δεξιά
1249 1459 1369 1550 σφ’
1404 1459 1771 1532 ἀπώλεσεν.
2142 1475 2273 1533 1365

487 1559 637 1632 ἀλλ’
673 1560 870 1655 ὕβρις
900 1569 972 1632 οἵ
995 1589 1066 1633 τε
1097 1566 1203 1634 σοὶ
1229 1569 1590 1652 νεοδμῆτες
1617 1565 1837 1653 γάμοι.

485 1668 719 1754 λέχους
746 1666 882 1753 σφέ
902 1663 969 1754 γ’
1002 1662 1291 1753 ἠξίωσας
1324 1668 1549 1735 εἵνεκα
1594 1682 1900 1749 κτανεῖν;

487 1766 770 1858 σμικρὸν
797 1771 1072 1858 γυναικὶ
1099 1774 1286 1857 πῆμα
1314 1766 1496 1838 τοῦτ’
1532 1767 1704 1838 εἶναι
1735 1775 1988 1850 δοκεῖς;

483 1867 627 1960 ἥτις
653 1899 731 1960 γε
759 1870 1056 1961 σώφρων
1076 1893 1089 1908 ·
1123 1873 1232 1940 σοὶ
1257 1871 1333 1940 δὲ
1364 1868 1561 1941 πάντ’
1595 1872 1776 1940 ἐστὶν
1804 1871 1993 1940 κακά.
2096 1940 2115 1954 ,

483 1969 612 2041 οἵδ’
645 1969 870 2044 οὐκέτ’
905 1980 1064 2044 εἰσί·
1097 1980 1295 2042 τοῦτο
1324 1971 1452 2063 γάρ
1483 1995 1557 2044 σε
1584 1973 1873 2063 δήξεται.
2132 1985 2271 2042 1370

481 2072 614 2143 οἵδ’
651 2077 822 2145 εἰσὶν
851 2072 1019 2164 ὠμοὶ
1046 2083 1141 2167 σῷ
1169 2075 1346 2166 κάρᾳ
1372 2074 1744 2166 μιάστορες.

487 2186 712 2245 ἴσασιν
740 2173 922 2256 ὅστις
950 2168 1109 2266 ἦρξε
1137 2183 1441 2266 πημονῆς
1468 2185 1644 2248 θεοί.

483 2288 662 2346 ἴσασι
692 2284 859 2366 δῆτα
886 2277 1015 2368 σήν
1041 2275 1110 2366 γ’
1151 2274 1580 2349 ἀπόπτυστον
1606 2282 1845 2370 φρένα.

481 2394 744 2467 στυγεῖ·
779 2378 1029 2470 πικρὰν
1058 2380 1135 2450 δὲ
1161 2381 1357 2469 βάξιν
1385 2384 1681 2473 ἐχθαίρω
1710 2384 1935 2450 σέθεν.

481 2483 596 2550 καὶ
626 2480 760 2569 μὴν
792 2479 922 2569 ἐγὼ
951 2480 1109 2570 σήν·
1143 2483 1363 2574 ῥᾴδιοι
1396 2481 1460 2552 δ’
1499 2480 1899 2571 ἆπαλλαγαί.
2135 2496 2268 2552 1375

483 2590 624 2665 πῶς
654 2575 818 2667 οὖν;
848 2593 920 2654 τί
941 2584 1204 2674 δράσω;
1232 2586 1445 2675 κάρτα
1472 2584 1600 2677 γὰρ
1628 2583 1813 2672 κάγώ
1842 2587 2046 2654 θέλω.

479 2685 697 2769 θάψαι
724 2686 1009 2776 νεκρούς
1036 2715 1150 2776 μοι
1175 2687 1419 2759 τούσδε
1449 2690 1563 2758 καὶ
1596 2693 1882 2757 κλαῦσαι
1911 2683 2136 2775 πάρες.

485 2785 566 2858 οὗ
596 2789 769 2878 δῆτ’,
806 2792 952 2860 ἐπεὶ
986 2798 1161 2879 σφᾶς
1187 2788 1335 2879 τῇδ’
1377 2789 1505 2879 ἐγώ
1535 2788 1736 2872 θάψω
1764 2795 1931 2878 χερί,

483 2889 762 2978 φέρουσ’
797 2895 862 2972 ἐς
885 2888 1094 2982 ’Ἠρας
1121 2893 1392 2979 τέμενος
1415 2890 1721 2984 Ἀκραίας
1748 2896 1945 2978 θεοῦ,

481 2987 569 3071 ὥς
595 2990 684 3080 μή
712 3020 810 3072 τις
839 2989 1087 3074 αὐτοὺς
1117 3001 1455 3082 πολεμίων
1480 3002 1890 3085 καθυβρίσῃ,
2130 3009 2261 3065 1380

483 3093 781 3182 τύμβους
809 3092 1130 3164 ἀνασπῶν
1147 3118 1160 3132 ·
1193 3103 1281 3184 γῇ
1309 3097 1385 3166 δὲ
1410 3104 1570 3188 τῇδε
1599 3097 1922 3186 Σισύφου

481 3192 736 3285 σεμνὴν
767 3194 1003 3286 ἑορτὴν
1029 3198 1143 3265 καὶ
1173 3199 1327 3286 τέλη
1355 3200 1789 3288 προσάψομεν

478 3297 551 3367 τὸ
589 3297 827 3370 λοιπὸν
857 3294 1006 3369 ἀντὶ
1033 3306 1234 3371 τοῦδε
1263 3306 1637 3391 δυσσεβοῦς
1665 3301 1909 3390 φόνου.

478 3397 646 3489 αὐτὴ
678 3401 753 3470 δὲ
778 3417 980 3489 γαῖαν
1009 3401 1141 3489 εἶμι
1167 3399 1291 3489 τὴν
1312 3399 1695 3490 Ἐρεχθέως,
