2534 3917
335 184 462 247 322
561 154 569 162 “

1207 185 1490 243 ΡΗΣΟΣ

568 355 642 424 σὲ
678 353 804 443 γὰρ
837 352 1021 435 οὔτις
1051 349 1344 433 ὑποστὰς
2246 373 2351 428 375

556 452 856 544 Ἀργείας
882 452 1030 525 ποτ’
1064 457 1138 524 ἐν
1157 450 1369 544 ’Ἠρας
1397 455 1714 534 δαπέδοις
1740 453 2048 542 χορεύσει
2066 477 2082 493 ·

564 555 731 626 ἄλλά
763 586 877 627 νιν
911 554 1033 627 ἅδε
1058 563 1145 645 γᾶ
2499 606 2502 621 .

559 664 1074 745 καταφθίμενον
1103 658 1319 746 Θρῃκὶ
1345 655 1533 749 μόρῳ

568 770 894 849 φίλτατον
929 759 1139 850 ἄχθος
1166 770 1357 830 οἴσει.

568 860 645 930 ιώ
683 861 784 931 ιώ.
2242 880 2350 935 380

569 966 772 1052 μέγας
800 955 858 1032 ὦ
890 971 1204 1053 βασιλεῦ,
1241 963 1484 1049 καλόν,
1512 952 1568 1031 ὦ
1596 963 1847 1052 Θρῄκη,

564 1065 866 1153 σκύμνον
891 1071 1185 1153 ἔθρεψας
1219 1072 1583 1153 πολίαρχον
1611 1070 1803 1133 ἰδεῖν.

568 1172 673 1237 ἴδε
704 1165 1113 1256 χρυσόδετον
1140 1167 1437 1254 στόματος
1463 1162 1697 1253 ἀλκήν,

567 1268 732 1339 κλύε
765 1271 880 1338 καὶ
910 1268 1210 1358 κόμπους
1241 1266 1827 1356 κωδωνοκρότους,

569 1369 747 1457 παρὰ
773 1371 1134 1460 πορπάκων
1161 1376 1630 1450 κελαδοῦντας.
2092 1366 2095 1369 ’
2239 1387 2343 1443 385

562 1468 753 1558 θεός,
791 1462 845 1539 ὦ
886 1479 1123 1559 Τροία,
1155 1471 1318 1551 θεὸς
1350 1467 1552 1551 αὐτὸς
1575 1467 1801 1562 Ἄρης,

562 1568 598 1641 ὁ
627 1570 1046 1661 Στρυμόνιος
1076 1580 1295 1655 πῶλος
1323 1570 1560 1643 ἀοιδοῦ

564 1672 850 1762 Μούσης
881 1670 1068 1763 ἥκων
1093 1689 1417 1745 καταπνεῖ
1445 1696 1541 1745 σε.

343 1780 475 1842 ΡΗ.
567 1771 772 1865 χαῖρ’,
806 1775 1044 1857 ἐσθλὸς
1073 1780 1325 1847 ἐσθλοῦ
1355 1790 1513 1864 παῖ,
1540 1774 1833 1864 τύραννε
1859 1781 2059 1864 τῆσδε
2086 1783 2233 1865 γῆς,

343 2287 475 2350 ΕΚ.

547 1873 788 1969 Ἕκτορ
809 1900 824 1917 ·
857 1886 1106 1970 παλαιᾷ
1134 1876 1202 1949 σ’
1234 1874 1449 1971 ἡμέρᾳ
1475 1879 1925 1969 προσεννέπω.

565 1988 774 2070 χαίρω
803 1983 883 2049 δέ
908 1977 974 2049 σ’
1016 1978 1427 2069 εὐτυχοῦντα
1453 1981 1567 2050 καὶ
1593 1979 2014 2070 προσήμενον
2231 1996 2339 2050 390

566 2080 928 2172 πύργοισιν
955 2086 1252 2173 ἐχθρῶν·
1291 2080 1868 2171 συγκατασκάψων
1899 2078 1964 2150 δ’
2000 2077 2131 2168 ἐγώ

563 2190 744 2271 τείχη
773 2183 1042 2271 πάρειμι
1067 2186 1179 2252 καὶ
1204 2192 1385 2253 νεῶν
1409 2185 1687 2274 πρήσων
1711 2182 1959 2272 σκάφη.

559 2298 684 2352 παῖ
709 2291 825 2373 τῆς
849 2289 1156 2376 μελῳδοῦ
1186 2289 1467 2374 μητέρος
1496 2292 1799 2356 Μουσῶν
1823 2292 1977 2372 μιᾶς

379 2450 458 2469 ,‚
565 2385 827 2473 Θρῃκός
854 2413 924 2455 τε
952 2394 1250 2472 ποταμοῦ
1278 2386 1709 2477 Στρυμόνος,
1747 2394 1923 2475 φιλῶ
1952 2388 2175 2473 λέγειν

561 2481 845 2574 τάληθὲς
880 2484 984 2556 ἀεὶ
1017 2483 1144 2556 κού
1173 2492 1453 2571 διπλοῦς
1486 2485 1737 2577 πέφυκ’
1778 2485 1968 2577 ἀνήρ.
2228 2504 2340 2559 395

562 2587 765 2657 πάλαι
793 2588 995 2659 πάλαι
1018 2596 1188 2680 χρῆν
1212 2596 1373 2681 τῇδε
1397 2590 1810 2679 συγκάμνειν
1831 2590 2031 2677 χθονὶ

561 2690 882 2779 ἐλθόντα,
917 2692 1030 2761 καὶ
1055 2692 1144 2781 μὴ
1172 2691 1371 2763 τούπὶ
1397 2691 1461 2763 σ’
1489 2690 1810 2780 ’Λργείων
1836 2688 1969 2761 ῦπο

569 2801 816 2881 Τροίαν
843 2797 1029 2863 ἐᾶσαι
1056 2803 1395 2883 πολεμίων
1423 2809 1653 2865 πεσεῖν
1687 2798 1858 2882 δορί.

557 2889 640 2961 οὐ
667 2894 795 2983 γάρ
824 2922 886 2963 τι
913 2897 1118 2976 λέξεις
1145 2891 1235 2975 ὥς
1267 2892 1547 2985 ἄκλητος
1576 2890 1673 2965 οἳν
1702 2901 1923 2982 φίλοις

561 2989 686 3061 οὐκ
719 2984 925 3081 ἦλθες
955 2991 1109 3062 οὐδ’
1141 2991 1399 3082 ἤμυνας
1428 2994 1579 3066 οὐδ’
1612 2996 2045 3085 ἐπεστράφης.
2228 3012 2337 3065 400

560 3100 658 3171 τίς
687 3093 815 3182 γάρ
845 3114 922 3163 σε
955 3097 1166 3182 κῆρυξ
1195 3090 1238 3184 ἢ
1267 3104 1586 3188 γερουσία
1613 3104 1911 3187 Φρυγῶν

556 3191 835 3264 ἐλθοῦσ’
869 3191 1152 3284 ἀμύνειν
1179 3194 1305 3267 οὐκ
1334 3201 1707 3287 ἐπέσκηψεν
1734 3198 1961 3280 πόλεις

556 3304 772 3366 ποίων
800 3296 876 3366 δὲ
903 3296 1144 3389 δώρων
1169 3300 1420 3390 κόσμον
1449 3298 1575 3371 οῦκ
1604 3302 2021 3389 ἐπέμψαμεν;

556 3396 643 3464 σὺ
671 3394 740 3465 δ’
771 3398 1047 3486 ἐγγενὴς
1075 3394 1173 3470 ὧν
1203 3402 1540 3492 βάρβαρός
1568 3429 1639 3471 τε
1665 3401 2051 3490 βαρβάρους

538 3491 852 3586 Ἕλλησιν
881 3495 1048 3588 ἡμᾶς
1074 3500 1397 3588 προύπιες
1422 3501 1497 3572 τὸ
1525 3500 1889 3588 σὸν-μέρος.
2222 3515 2337 3570 405
