2534 3917
271 182 396 249 818
1143 186 1421 245 ΡΗΣΟΣ

500 354 900 445 ναύσταθμα
926 355 1049 444 βὰς
1079 361 1409 426 κατιδεῖν·
1440 351 1690 443 ἄγαμαι

504 456 820 548 λήματος·
854 448 900 547 ἦ
928 464 1177 528 σπανία
2184 474 2295 529 245

502 567 640 631 τῶν
675 556 992 648 ἀγαθῶν,
1028 551 1262 651 ὅτανῇ

501 661 826 733 δυσάλιον
859 666 934 731 ἐν
959 662 1232 750 πελάγει
1263 664 1378 732 καὶ
1404 660 1659 751 σαλεύῃ

500 764 711 846 πόλις.
743 772 882 835 ἔστι
907 772 1205 854 Φρυγῶν
1229 793 1331 846 τις
1357 771 1538 834 ἔστιν
1566 761 1840 852 ἄλκιμος
1858 786 1874 801 ·
2183 780 2297 833 250

501 874 603 937 ἔνι
645 866 721 937 δὲ
760 867 1018 957 θράσος
1055 870 1130 937 ἐν
1181 874 1416 960 αἰχμᾷ·
1467 868 1620 936 ποτὶ
1659 872 1962 954 Μυσῶν,
2006 862 2080 945 ὃς
2117 864 2295 954 ἐμὰν

1185 973 1567 1058 συμμαχίαν
1594 965 1816 1053 ἀτίζει.

507 1067 638 1141 τίν’
669 1066 866 1159 ἄνδρ’
900 1066 1181 1157 Ἀχαιῶν
1207 1068 1244 1143 ὁ
1275 1069 1673 1160 πεδοστιβὴς
1702 1065 2008 1160 σφαγεὺς
2132 1064 2281 1137 άντ.

501 1169 772 1244 οὐτάσει
799 1176 877 1243 ἐν
899 1179 1220 1263 κλισίαις,
1249 1172 1629 1262 τετράπουν
2184 1188 2291 1240 255

500 1290 706 1364 μῖμον
735 1283 906 1364 ἔχων
933 1277 1043 1345 ἐπὶ
1071 1284 1200 1365 γᾶν

501 1378 748 1468 θηρός;
783 1382 925 1449 ἕλοι
951 1382 1293 1467 Μενέλαν,

503 1477 770 1549 κτανών
796 1476 864 1547 δ’
892 1476 1418 1567 Ἀγαμεμνόνιον
1444 1475 1636 1572 κρᾶτ’
1676 1481 1938 1568 ἐνέγκοι

496 1577 725 1671 Ἑλένᾳ
759 1579 1233 1671 κακόγαμβρον
1259 1585 1327 1663 ἐς
1351 1584 1547 1671 χέρας
1572 1582 1771 1671 γόον,
2182 1596 2291 1650 260

501 1678 574 1762 ὃς
603 1683 712 1751 ἐπὶ
740 1682 970 1772 πόλιν,
1013 1679 1087 1765 ὃς
1131 1687 1198 1765 ἐς
1235 1690 1367 1773 γᾶν
1402 1690 1651 1775 Τροΐαν
1690 1682 2041 1771 χιλιόναυν
2068 1679 2257 1772 ἤλυθ
2275 1680 2291 1705 ’

1190 1793 1363 1875 ἔχων
1385 1794 1761 1877 στρατείαν.

269 1892 467 1958 ΛΓΓ.
498 1884 697 1977 ἅναξ,
731 1888 1057 1959 τοιούτων
1084 1889 1513 1961 δεσπόταισιν
1540 1886 1820 1979 ἄγγελος

505 2000 652 2077 εἴην
678 1988 752 2060 τὸ
780 1989 1021 2061 λοιπὸν
1048 1988 1158 2061 οἷά
1191 2014 1297 2064 σοι
1333 1993 1518 2081 φέρω
1546 1996 1815 2080 μαθεῖν.
2183 2002 2289 2059 265

271 2098 413 2162 ΕΚ.
496 2083 541 2179 ἦ
569 2090 764 2164 πόλλ’
797 2091 1170 2183 άγρῶσταις
1197 2093 1397 2163 σκαιὰ
1426 2093 1815 2183 πρόσκειται
1843 2098 2081 2184 φρενί·
2152 2180 2165 2187 -

499 2196 614 2265 καὶ
640 2194 767 2285 γὰρ
795 2193 882 2265 σὺ
911 2202 1196 2284 ποίμνας
1226 2194 1578 2277 δεσπόταις
1604 2196 2079 2283 τευχεσφόροις

501 2293 694 2385 ἥκειν
723 2304 942 2377 ἔοικας
969 2293 1274 2386 ἀγγελῶν
1303 2295 1399 2367 ἵν’
1433 2295 1517 2367 ού
1545 2302 1802 2389 πρέπει.

505 2394 633 2467 οὐκ
659 2397 860 2467 οἶσθα
888 2403 1080 2487 δῶμα
1106 2395 1363 2488 τούμὸν
1388 2394 1433 2487 ἢ
1458 2400 1758 2491 θρόνους
1784 2397 2053 2489 πατρός,

507 2494 578 2569 οἶ
599 2505 770 2591 χρῆν
796 2516 1125 2588 γεγωνεῖν
1150 2498 1215 2571 σ’
1262 2496 1675 2591 εὐτυχοῦντα
1708 2510 2014 2593 ποίμνια;
2182 2514 2293 2570 270

269 2606 464 2673 ΛΓΓ.
507 2604 730 2674 σκαιοὶ
757 2606 1036 2694 βοτῆρές
1063 2606 1261 2694 ἐσμεν
1280 2626 1295 2643 ·
1326 2600 1453 2674 ούκ
1481 2600 1696 2685 ἄλλως
1721 2606 1954 2693 λέγεις.

505 2703 653 2776 ἀλλ’
691 2704 899 2779 οὐδὲν
922 2698 1134 2795 ἧσσόν
1161 2730 1271 2780 σοι
1299 2709 1482 2797 φέρω
1515 2704 1799 2788 κεδνούς
1826 2705 2087 2794 λόγους.

271 2815 414 2878 ΕΚ.
496 2815 750 2881 παῦσαι
783 2814 1002 2898 λέγων
1028 2837 1142 2899 μοι
1170 2810 1285 2891 τὰς
1312 2816 1802 2897 προσαυλείους
1827 2807 2061 2895 τύχας·

501 2912 710 3000 μάχας
738 2910 870 3001 πρὸ
898 2918 1145 3001 χειρῶν
1175 2914 1289 2981 καὶ
1316 2908 1483 2998 δόρη
1510 2910 1939 2999 βαστάζομεν.

270 3018 466 3081 ΛΓΓ.
495 3018 771 3081 τοιαῦτα
797 3009 982 3099 κάγῶ
1012 3019 1334 3101 σημανῶν
1368 3010 1701 3100 ἐλήλυθα·
2182 3024 2289 3081 275

504 3110 675 3202 ἀνὴρ
704 3111 834 3203 γὰρ
865 3110 1069 3203 ἀρχῆς
1101 3121 1347 3202 μυρίας
1380 3122 1850 3205 στρατηλατῶν

502 3223 746 3305 στείχει
781 3221 977 3305 φίλος
1011 3217 1117 3286 σοὶ
1143 3215 1485 3307 σύμμαχός
1513 3245 1585 3288 τε
1610 3223 1771 3309 τῇδε
1798 3223 1905 3307 γῇ.

270 3326 415 3389 ΕΚ.
496 3326 694 3401 ποίας
725 3318 1035 3414 πατρῴας
1066 3327 1188 3409 γῆς
1219 3319 1565 3413 ἐρημώσας
1596 3323 1841 3403 πέδον;

270 3428 466 3490 ΛΓΓ.
498 3421 765 3511 Θρῄκης
780 3444 796 3458 ·
833 3421 1083 3510 πατρὸς
1107 3424 1184 3492 δὲ
1209 3422 1605 3511 Στρυμόνος
1628 3421 2073 3508 κικλήσκεται.

272 3529 414 3590 ΕΚ.
485 3519 720 3613 Ῥῆσον
746 3522 998 3594 τιθέντ’
1035 3526 1255 3607 ἔλεξας
1283 3526 1357 3592 ἐν
1392 3530 1598 3615 Τροίᾳ
1624 3522 1835 3603 πόδας
2177 3532 2286 3586 280
