2534 3917
380 199 507 266 370

1157 201 1582 259 ΤΡΩῙΑΔΕΣ

612 379 867 460 σιγῶσα
897 368 963 440 δ’
999 361 1079 438 εὖ
1106 398 1177 439 τε
1216 383 1359 447 ταῖς
1386 373 1618 456 τύχαις
1647 375 2016 457 κεχρημένη

610 471 730 544 τὸν
756 479 956 542 τοῦδε
983 470 1228 560 νεκρὸν
1257 469 1383 540 οὐκ
1415 469 1723 542 ἄθαπτον
1753 467 1837 540 ἂν
1871 479 2091 551 λίποις

614 572 785 664 αὐτή
811 572 871 644 τ’
900 572 1180 662 Ἀχαιῶν
1208 577 1803 663 πρευμενεστέρων
1832 573 2072 660 τύχοις.

618 669 673 746 ῶ
700 674 993 766 φίλτατ’,
1026 667 1082 745 ῶ
1109 673 1391 764 περισσὰ
1423 677 1731 764 τιμηθεὶς
1758 679 2010 762 τέκνον,
2290 693 2375 748 740

610 791 817 848 θανεῑ·
838 777 1003 870 πρὸς
1031 783 1298 867 ἐχθρῶν
1327 775 1557 868 μητέρ’
1592 775 1844 847 ἀθλίαν
1873 775 2104 846 λιπών.

614 878 677 969 [ἡ
704 889 825 950 τοῦ
851 879 1098 968 πατρὸς
1129 883 1211 949 δέ
1236 876 1303 948 σ’
1337 876 1627 968 εὐγένει’
1657 878 2022 968 ἀπώλεσεν,

608 979 653 1071 ἢ
680 998 892 1052 τοῖσιν
920 979 1141 1062 ἄλλοις
1171 989 1471 1070 γίγνεται
1500 990 1840 1073 σωτηρία,]

613 1081 685 1154 τὸ
718 1081 780 1152 δ’
818 1082 1065 1154 ἐσθλὸν
1092 1112 1218 1154 ουκ
1248 1089 1342 1166 είς
1369 1083 1607 1173 καιρὸν
1633 1077 1805 1172 ἦλθε
1833 1085 1938 1153 σοὶ
1965 1085 2239 1176 πατρός.

619 1178 673 1255 ῶ
702 1189 942 1276 λέκτρα
972 1183 1143 1275 τάμὰ
1169 1193 1466 1275 δυστυχῆ
1496 1215 1565 1256 τε
1594 1191 1707 1257 καὶ
1736 1187 1954 1276 γάμοι,
2297 1205 2383 1260 745

613 1285 711 1369 οἷς
738 1281 959 1378 ἦλθον
989 1297 1082 1370 είς
1109 1289 1454 1380 μέλαθρον
1477 1285 1793 1378 Ἕκτορός
1821 1316 1997 1375 ποτε,

613 1389 696 1459 οὐ
725 1393 1017 1480 σφάγιον
1045 1390 1199 1462 υἱὸν
1226 1398 1603 1472 Δαναΐδαις
1631 1387 1888 1474 τέξουσ’
1921 1389 2104 1478 ἐμόν,

612 1490 759 1561 ἀλλ’
794 1489 882 1572 ὥς
908 1493 1243 1583 τύραννον
1268 1491 1568 1574 Ἀσιάδος
1594 1493 2046 1580 πολυσπόρου.

614 1585 667 1662 ῶ
696 1610 836 1682 παι,
868 1594 1215 1684 δακρύεις;
1248 1595 1561 1664 αἰσθάνει
1588 1605 1816 1666 κακῶν
1845 1599 2077 1674 σέθεν;

611 1702 681 1764 τί
701 1723 834 1784 μου
862 1699 1174 1787 δέδραξαι
1201 1699 1390 1788 χερσὶ
1419 1694 1723 1786 κάντέχει
1751 1702 2045 1785 πέπλων,
2303 1718 2390 1772 750

608 1798 883 1881 νεοσσὸς
910 1796 1071 1870 &aaz
1098 1802 1432 1891 πτέρυγας
1461 1807 1819 1871 εἰσπίτνων
1848 1799 2040 1889 ἐμάς;

614 1898 739 1971 οὐκ
770 1901 940 1971 εἶσιν
965 1898 1217 1994 Ἕκτωρ
1248 1900 1517 1972 κλεινὸν
1537 1898 1839 1992 ἀρπάσας
1867 1901 2036 1992 δόρυ

610 2009 730 2090 γῆς
762 2004 1143 2085 ἐξανελθὼν
1170 2007 1276 2074 σοὶ
1303 2007 1533 2095 φέρων
1562 2013 1921 2095 σωτηρίαν,

614 2101 696 2174 οὐ
725 2109 1082 2195 συγγένεια
1111 2108 1388 2197 πατρός,
1419 2104 1544 2178 οὐκ
1574 2106 1760 2196 ἰσχὺς
1789 2112 2118 2196 Φρυγῶν·

618 2207 873 2298 λυγρὸν
901 2209 976 2278 δὲ
1003 2205 1252 2297 πήδημ’
1289 2216 1383 2290 είς
1411 2211 1744 2299 τράχηλον
1768 2207 2038 2294 υψόθεν
2311 2229 2398 2284 755

613 2307 839 2378 πεσῶν
866 2307 1221 2397 ἀνοίκτως,
1253 2309 1500 2398 πνεῦμ’
1533 2309 1929 2404 ἀπορρήξεις
1956 2315 2189 2382 σέθεν.

617 2400 671 2477 ῶ
698 2411 857 2478 νέον
883 2407 1354 2500 ὑπαγκάλισμα
1381 2416 1580 2505 μητρὶ
1611 2421 1956 2503 φίλτατον,

617 2503 671 2578 ῶ
696 2509 948 2601 χρωτὸς
976 2508 1109 2599 ἡδυ
1138 2521 1436 2603 πνεῦμα·
1470 2515 1583 2585 διὰ
1611 2527 1811 2607 κενῆς
1840 2517 1969 2609 ἀρα

612 2615 687 2682 ἐν
714 2614 1121 2705 σπαργάνοις
1147 2637 1221 2686 σε
1249 2617 1496 2706 μαστὸς
1523 2617 1832 2710 ἐξέθρεψ’
1867 2617 2004 2706 ὅδε,

608 2717 824 2805 μάτην
851 2714 915 2786 δ’
948 2719 1288 2808 ἐμόχθουν
1315 2723 1428 2789 καὶ
1456 2721 1878 2811 κατεξάνθην
1905 2721 2162 2802 πόνοις.
2277 2737 2280 2740 ’
2314 2741 2412 2796 760

610 2826 777 2907 νῦν,
808 2817 1043 2891 οὔποτ’
1075 2813 1314 2910 αὖθις,
1347 2820 1577 2912 μητέρ’
1611 2821 1906 2908 ἀσπάζου
1933 2827 2164 2912 σέθεν,

609 2921 976 3008 πρόσπιτνε
1002 2920 1126 3011 τὴν
1153 2931 1517 3012 τεκοῦσαν,
1545 2923 1720 3015 ἀμφὶ
1750 2924 1818 2996 δ’
1851 2925 2102 3006 ὠλένας

608 3017 818 3089 ε’λισσ’
852 3027 1033 3110 ἐμοῖς
1058 3026 1329 3095 νῶτοισι
1357 3028 1470 3096 καὶ
1498 3026 1690 3117 στόμ’
1729 3051 2042 3120 αρμοσον.

611 3112 665 3190 ῶ
690 3120 979 3214 βάρβαρ’
1012 3125 1436 3215 ἐξευρόντες’
1433 3124 1733 3219 Έλληνες
1759 3133 1951 3220 κακά,

608 3254 671 3294 τι
662 3223 899 3295 ’τόνδε
927 3233 1133 3297 παῖδα
1163 3228 1447 3299 κτείνετ’
1481 3230 1686 3303 οὐδὲν
1713 3243 1965 3318 αἴτιον;
2313 3252 2417 3306 765

608 3318 664 3396 ῶ
699 3330 1114 3421 Τυνδάρειον
1142 3337 1368 3422 ἔρνος,
1399 3330 1633 3405 ουποτ’
1670 3335 1732 3404 εἷ
1765 3336 1952 3424 Διός,

607 3436 876 3498 πολλῶν
904 3432 979 3500 δὲ
1008 3435 1314 3521 πατέρων
1345 3444 1524 3523 φημί
1556 3432 1620 3504 σ’
1653 3440 2128 3524 ἐκπεφυκέναι,

603 3523 991 3667 Ἀλάστορος
1014 3534 1139 3622 μὲν
1167 3541 1468 3622 πρῶτον,
1502 3535 1640 3604 εἶτα
1671 3538 1746 3605 δὲ
1773 3538 2078 3621 Φθόνου,
