2534 3917
305 194 430 257 236

1112 194 1325 251 ΟΡΕΣ
1329 194 1495 251 ΤΗΣ

540 362 791 451 δόμους
821 361 881 432 τ’
917 368 1093 450 ἔχειν
1123 361 1283 442 σούς
1301 412 1320 448 ,
1350 357 1444 430 δι’
1472 356 1959 447 Ἀγαμέμνονος
1987 360 2165 451 δόρυ
2194 379 2335 435 1146

538 462 831 553 λαβόντα
859 463 1169 553 νύμφην·
1205 461 1297 551 μὴ
1327 460 1456 553 γὰρ
1484 452 1613 531 οὖν
1639 460 1815 554 ζῴην
1842 460 1959 550 ἔτι,

541 564 630 651 ἦν
652 564 740 652 μὴ
758 562 856 632 ’π’
885 568 1104 649 ἐκείνῃ
1126 564 1478 649 φάσγανον
1502 561 1938 646 σπασώμεθα.

540 664 628 757 ἦν
657 663 722 736 δ’
756 656 885 736 οὖν
914 662 1034 736 τὸν
1054 660 1320 752 Ἑλένης
1346 660 1436 752 μὴ
1467 663 1899 753 κατάσχωμεν
1926 664 2168 754 φόνον,

539 768 912 859 πρήσαντες
937 778 1166 847 οἴκους
1196 765 1439 835 τούσδε
1466 764 2011 854 κατθανούμεθα.
2188 788 2329 842 1150

539 876 736 942 δυοῖν
751 873 880 959 γὰρ
900 897 984 939 ου
1013 868 1378 957 σφαλέντες
1408 869 1645 955 ἕξομεν
1668 871 1882 955 κλέος,

539 978 760 1051 καλῶς
785 970 1114 1050 θανόντες
1143 964 1187 1056 ἦ
1214 976 1431 1051 καλῶς
1458 968 1883 1057 σεσωσμένοι.

312 1083 452 1147 ΧΟ.
533 1072 773 1154 πάσαις
801 1074 1109 1162 γυναιξὶν
1137 1068 1289 1155 ἀξία
1315 1087 1587 1160 στυγεῖν
1614 1078 1749 1162 ἔφυ

539 1173 581 1266 ἡ
619 1176 956 1267 Τυνδαρὶς
985 1190 1173 1261 παῖς,
1202 1170 1248 1262 ἢ
1273 1174 1688 1265 κατῄσχυνεν
1712 1175 1924 1263 γένος.

311 1286 446 1347 ΟΡ.
538 1284 674 1368 φεῦ
690 1300 705 1316 ·

540 1375 668 1448 οὐκ
699 1385 879 1448 ἔστιν
905 1374 1112 1447 οὐδὲν
1138 1393 1453 1468 κρεῖσσον
1481 1373 1527 1465 ἦ
1560 1372 1756 1467 φίλος
1784 1377 2025 1467 σαφής,
2188 1396 2322 1451 1155

539 1477 623 1549 οὐ
649 1485 936 1559 πλοῦτος
952 1530 972 1564 ,
1003 1474 1087 1546 οὐ
1114 1484 1465 1567 τυραννίς·
1497 1476 1852 1568 ἀλόγιστον
1878 1481 1957 1548 δέ
1980 1508 2045 1549 τι

537 1579 612 1650 τὸ
643 1585 903 1669 πλῆθος
930 1576 1357 1668 ἀντάλλαγμα
1382 1588 1703 1668 γενναίου
1732 1588 1959 1671 φίλου.

541 1680 627 1752 συ
661 1680 789 1773 γὰρ
820 1681 901 1752 τά
927 1678 992 1753 τ’
1025 1687 1119 1761 εἰς
1145 1690 1485 1771 Αἴγισθον
1516 1685 1781 1773 ἐξηῦρες
1809 1681 1982 1754 κακὰ

544 1786 658 1855 καὶ
684 1793 972 1874 πλησίον
1001 1790 1325 1874 παρῆσθα
1353 1784 1701 1854 κινδύνων
1728 1789 1893 1874 ἐμοί,

411 1960 416 1965 ,
541 1894 674 1957 νῦν
700 1883 762 1955 τ’
793 1879 885 1957 αὖ
916 1893 1122 1967 δίδως
1151 1915 1264 1975 μοι
1292 1892 1630 1975 πολεμίων
1660 1894 1985 1978 τιμωρίαν
2184 1902 2319 1959 1160

542 1984 712 2059 κούκ
742 1988 1050 2060 ἐκποδών
1079 1986 1158 2057 εἷ.
1191 1987 1539 2077 παύσομαί
1558 1985 1625 2057 σ’
1656 1996 1902 2076 αἰνῶν,
1932 1990 2076 2058 ἐπεὶ

543 2091 749 2181 βάρος
782 2121 847 2162 τι
874 2089 1003 2163 κάν
1030 2088 1190 2182 τῷδ’
1221 2095 1439 2178 ἐστίν,
1466 2096 1810 2162 αἰνεῖσθαι
1837 2096 2011 2159 λίαν.

545 2192 675 2282 ἐγώ
707 2194 784 2265 δὲ
809 2193 1074 2271 πάντως
1101 2194 1403 2262 ἐκπνέων
1429 2190 1657 2282 ψυχὴν
1681 2191 1847 2282 ἐμὴν

541 2294 791 2383 δράσας
818 2322 882 2364 τι
905 2293 1122 2383 χρῄζω
1156 2291 1311 2375 τοὺς
1338 2291 1539 2381 ἐμοὺς
1565 2293 1850 2385 ἐχθροὺς
1878 2304 2145 2382 θανεῖν,

543 2392 636 2464 ἵν’
671 2392 1119 2465 ἀνταναλώσω
1153 2394 1281 2483 μὲν
1308 2400 1381 2465 οἴ
1397 2423 1483 2485 με
1510 2396 1920 2487 προύδοσαν,
2184 2413 2317 2469 1165

545 2498 827 2567 στένωσι
855 2495 926 2567 δ’
961 2503 1153 2588 οἵπερ
1180 2493 1342 2587 κάμ’
1377 2504 1639 2587 ἔθηκαν
1666 2496 1931 2569 ἄθλιον.

533 2596 1023 2689 Ἀγαμέμνονός
1049 2628 1151 2670 τοι
1177 2616 1333 2682 παῖς
1358 2596 1633 2689 πέφυχ’,
1664 2596 1736 2681 ὂς
1758 2597 2067 2681 Ἑλλάδος

543 2694 692 2793 ἦρξ’
730 2698 1076 2791 ἀξιωθείς,
1113 2700 1197 2773 οὐ
1227 2702 1589 2795 τύραννος,
1624 2698 1773 2771 ἀλλ’
1806 2697 1984 2789 ὅμως

540 2804 772 2894 ῥώμην
797 2814 972 2875 θεοῦ
998 2800 1128 2875 τιν’
1161 2802 1300 2893 ἔσχ’
1322 2828 1337 2844 ·
1370 2802 1453 2875 ὃν
1478 2801 1563 2874 οὐ
1591 2812 2010 2892 καταισχυνῶ

539 2911 791 2976 δοῦλον
818 2903 1179 2995 παρασχών
1206 2906 1540 2994 θάνατον,
1572 2902 1720 2976 ἀλλ’
1753 2908 2131 2997 ἐλευθέρως
2186 2920 2319 2977 1170

538 3005 762 3096 ψυχὴν
791 3004 1065 3096 ἀφήσω,
1092 3011 1463 3078 Μενέλεων
1492 3008 1569 3079 δὲ
1593 3015 1877 3098 τίσομαι.

543 3105 693 3189 ἑνὸς
720 3107 848 3199 γὰρ
880 3115 944 3178 εί
964 3107 1346 3199 λαβοίμεθ’,
1379 3106 1773 3200 εὐτυχοῖμεν
1800 3108 1905 3198 ἄν,

541 3220 610 3281 εἴ
627 3222 847 3282 ποθεν
873 3207 1153 3292 ἄελπτος
1186 3215 1559 3304 παραπέσοι
1579 3221 1873 3304 σωτηρία

536 3320 859 3384 κτανοῦσι
883 3310 974 3403 μὴ
1003 3321 1343 3386 θανοῦσιν
1360 3338 1375 3354 ·
1410 3311 1686 3404 εὔχομαι
1712 3314 1892 3386 τάδε.

538 3410 578 3481 ὃ
607 3414 937 3503 βούλομαι
966 3414 1095 3505 γὰρ
1126 3412 1260 3505 ἡδὺ
1293 3419 1406 3486 καὶ
1434 3415 1547 3487 διὰ
1574 3414 1785 3503 στόμα
2180 3430 2321 3481 1175

542 3532 851 3601 πτηνοῖσι
874 3517 1125 3604 μύθοις
1155 3512 1515 3597 ἀδαπάνως
1539 3520 1777 3615 τέρψαι
1806 3517 2043 3614 φρένα.
