2534 3917
0 1739 12 1922 ἱ

0 1928 17 2159 Ι

0 2166 6 2311 ζ

156 393 291 452 ΟΡ.

152 495 256 556 ΙΦ

159 700 295 760 ΟΡ.

154 803 280 864 ΙΦ.

161 905 295 966 ΟΡ.

156 1007 277 1068 ΙΦ.

164 1109 295 1169 ΟΡ.

158 1211 278 1272 ΙΦ.

172 1313 297 1372 ΟΡ.

164 1415 287 1475 ΙΦ.

164 1517 317 1577 ΠΥ.

160 1619 283 1679 ΙΦ.

155 1721 306 1781 ΠΤ.

155 1825 277 1886 ΙΦ.

156 1927 307 1986 ΠΤ.

156 2029 286 2088 ΙΦ.

159 2131 305 2190 ΠΡ.

160 2233 279 2294 ΙΦ.

158 2337 306 2396 ΠΤ.

152 2439 277 2498 ΙΦ.

152 2541 305 2601 ΠΤ.

152 2950 282 3011 ΙΦ.

625 212 1075 270 ,ῙΦῙΓΕΝΕΙΑ
1116 213 1183 269 Η
1217 212 1334 270 ΕΝ
1375 214 1735 272 ΤΑΤΡΟΙΣ
2095 211 2176 273 85

393 388 463 452 τί
486 388 655 469 δῆτα
683 379 953 468 βούλει;
983 387 1165 460 τίνος
1194 376 1551 468 ἀμηχανεῖς
1580 385 1768 468 πε’ρι;

388 481 603 571 ὅρκον
631 483 803 552 δότω
832 509 943 570 μοι
970 482 1167 551 τάσδε
1196 484 1658 572 πορθμεύσειν
1685 489 1950 574 γραφὰς
2077 503 2178 558 735

390 588 559 674 πρὸς
616 581 893 673 Ἄργος,
922 579 1055 652 οἷσι
1081 583 1410 672 βούλομαι
1439 587 1692 673 πέμψαι
1727 593 1967 674 φίλων.

394 679 441 776 ἦ
469 685 901 766 κάντιδώσεις
928 692 1099 778 τῷδε
1128 685 1286 766 τούς
1315 684 1566 767 αὐτοὺς
1596 688 1875 776 λόγους,
1859 719 1875 736 ·

392 796 465 859 τί
485 796 701 914 1937820‘
730 785 1065 879 δράσειν
1030 787 1077 914 ῃ
1104 797 1175 858 τί
1197 786 1287 878 μή
1317 789 1626 879 δράσεινς
1657 794 1828 879 λέγε.

394 897 469 961 ἐκ
499 899 619 979 γῆς
648 888 936 980 ἀφήσειν
964 890 1053 980 μὴ
1080 891 1386 961 θανόντα
1416 892 1788 983 βαρβάρου.

392 999 658 1065 δίκαιον
688 993 905 1075 εἶπας·
936 1001 1077 1074 πῶς
1104 991 1231 1082 γὰρ
1261 990 1708 1082 ἀγγείλειεν”
1663 1024 1783 1078 αν;
2076 1013 2179 1068 740

389 1124 431 1183 η
407 1087 571 1166 καὶ
598 1096 930 1187 τύραννος
960 1103 1172 1165 ταῦτα
1199 1096 1738 1184 συγχωρήσεται,

390 1205 599 1268 πείσω
631 1220 761 1286 σφε
781 1251 799 1286 ‚
832 1195 1047 1286 καύτὴ
1076 1194 1238 1276 ναός
1269 1198 1553 1286 εἰσβήσω
1583 1199 1857 1286 σκάφος.

390 1297 568 1388 ὄμνυ
588 1322 601 1337 ·
632 1299 719 1370 σὺ
748 1297 814 1370 δ’
852 1297 1073 1390 ἔξαρχ’
1106 1295 1316 1390 ὅρκον
1347 1295 1526 1379 ὅστις
1555 1296 1852 1389 εὐσεβής.

390 1403 661 1489 δώσεις,
694 1408 915 1490 λέγειν
943 1403 1101 1493 χρή,
1134 1401 1336 1490 τήνδε
1365 1418 1501 1482 τοῖς
1530 1407 1710 1490 ἐμοῖς
1739 1413 1984 1492 φίλοις.

392 1521 527 1585 τοϊς
558 1521 701 1587 σοῖς
732 1514 987 1594 φίλοισι
1020 1503 1351 1593 γράμματ’
1387 1502 1716 1576 ἀποδώσω
1748 1507 1924 1577 τάδε.
2077 1522 2176 1577 745

390 1604 576 1696 κάγώ
606 1608 681 1676 σε
706 1608 900 1678 σεόσω
931 1611 1219 1688 κυανέας
1248 1611 1370 1690 ἔξω
1401 1609 1662 1698 πέτρας.

392 1708 527 1780 τίν’
562 1700 692 1779 οὖν
720 1714 1013 1798 ἐπόμνυς
1040 1705 1282 1780 τοισίδ’
1329 1706 1565 1801 ὅρκιον
1591 1717 1814 1796 &edim

371 1809 722 1903 ”Αρτεμιν,
756 1817 833 1882 ἐν
863 1802 1076 1901 ἧσπερ
1108 1812 1410 1899 δώμασιν
1438 1811 1629 1900 τιμὰς
1661 1820 1808 1899 ἔχω.

394 1914 525 2002 ἐγώ
556 1910 621 1984 δ’
660 1911 912 1984 ἄνακτά
942 1911 1009 2002 γ’
1043 1911 1380 2006 οὐρανοῦ,
1413 1913 1664 2002 σεμνὸν
1686 1922 1842 1984 Διά.

394 2025 457 2086 εί
484 2014 549 2087 δ’
584 2015 875 2087 ἐκλιπὼν
902 2015 1023 2086 τὸν
1050 2013 1257 2106 ὅρκον
1289 2012 1590 2104 ἀδικοίης
1619 2019 1737 2104 έμέ
1750 2048 1768 2100 3
2078 2033 2178 2088 750

395 2117 675 2200 ἄνοστος
710 2129 887 2208 εἴην·
920 2126 991 2188 τί
1023 2120 1097 2188 δὲ
1125 2118 1246 2205 σύ,
1278 2116 1366 2208 μὴ
1395 2118 1666 2188 σώσασά
1689 2146 1806 2207 με,
1791 2149 1806 2164 ·

389 2222 641 2312 μήποτε
672 2220 821 2292 κατ’
848 2220 1091 2344 ’Ἄργος
1119 2216 1274 2305 ζωσ’
1309 2231 1489 2310 ἴχνος
1516 2229 1718 2310 θείην
1746 2221 1968 2303 ποδός.

394 2323 604 2394 άκουε
632 2326 717 2413 δή
748 2353 881 2394 νυν
912 2319 995 2394 ὃν
1023 2324 1462 2415 παρήλθομεν
1491 2323 1713 2411 λόγον.

391 2424 542 2497 ἀλλ’
573 2454 757 2506 ουτις
785 2429 923 2497 ἔστ’
956 2453 1255 2516 ακαιρος,
1294 2421 1377 2514 ἦν
1404 2433 1622 2506 καλως
1653 2433 1787 2517 ἔχῃ.

395 2529 733 2620 ἐξαίρετόν
759 2558 872 2617 μοι
906 2525 1023 2609 δὸς
1050 2526 1219 2616 τόδ’,
1254 2524 1342 2618 ἦν
1369 2557 1431 2598 τι
1458 2536 1627 2609 ναῦς
1656 2530 1866 2619 πάθῃ,
2076 2545 2177 2599 755

396 2628 479 2720 χὴ
516 2636 805 2713 δέλτος’
770 2661 846 2702 εν
874 2630 1173 2702 κλύδωνι
1197 2631 1554 2722 χρημάτων
1582 2635 1744 2718 μέτα

398 2731 661 2824 ἀφανὴς
689 2739 994 2823 γένηται,
1021 2741 1211 2822 σῶμα
1241 2730 1307 2802 δ’
1341 2732 1610 2802 ἐκσώσω
1643 2732 1871 2820 μόνον,

398 2834 517 2907 τὸν
548 2833 753 2927 ὅρκον
787 2837 959 2906 εἶναι
988 2835 1183 2906 τόνδε
1211 2831 1442 2924 μηκέτ’
1479 2841 1788 2924 ἔμπεδον.

398 2935 535 3008 ἀλλ’
568 2937 752 3008 οἶσθ’
787 2935 829 3007 ὃ
856 2938 1117 3030 δράσι-ιη
1149 2937 1364 3008 πολλὰ
1390 2937 1520 3030 γὰρ
1549 2944 1817 3008 πολλῶν
1847 2953 2072 3029 κυρεῖ·

400 3038 689 3112 τάνόντα
718 3037 1255 3130 κάγγεγραμμέν’
1292 3045 1366 3110 ἐν
1394 3044 1633 3111 δέλτου
1661 3057 1940 3128 πτυχαῖς
2078 3055 2183 3111 760

400 3144 577 3235 λόγῳ
605 3143 841 3232 φράσω
869 3166 977 3213 σοι
1004 3140 1201 3213 πάντ’
1234 3139 1624 3233 ἀναγγεῖλαι
1654 3151 1895 3232 φίλοις.

399 3251 473 3315 ἐν
501 3243 793 3334 ἀσφαλεῖ
816 3246 943 3337 γάρ
961 3268 975 3283 ·
1008 3241 1096 3334 ἦν
1123 3246 1247 3334 μὲν
1278 3247 1570 3336 έκσώσῃς
1596 3246 1889 3336 γραφήν,

403 3345 573 3436 αὕτη
604 3348 847 3439 φράσει
878 3354 1134 3436 σιγῶσα
1162 3345 1746 3439 τάγγεγραμμένα·

402 3445 489 3538 ἦν
517 3447 583 3520 δ’
616 3454 692 3520 ἐν
720 3451 1027 3540 θαλάσσῃ
1054 3449 1386 3540 γράμματ’
1421 3449 1772 3540 ἀφανισθῇ
1802 3449 1979 3535 τάδε,

406 3549 472 3621 τὸ
504 3559 697 3641 σῶμα
722 3552 939 3631 σώσας
964 3550 1121 3632 τοὺς
1148 3553 1392 3639 λόγους
1421 3551 1656 3630 σιόσεις
1687 3553 1852 3638 ἐμοί.
2086 3563 2186 3616 765
