2534 3917
224 3419 363 3480 XO.

1025 215 1446 274 ΦΟΙΝΙΣΣΑ
1453 217 1482 271 1
2091 214 2211 278 431

446 384 970 474 προσηγορήσων
1000 381 1133 471 εἶμι
1165 385 1278 452 καὶ
1306 381 1541 452 σώσων
1568 389 1742 470 βίον.

446 479 593 552 ἄλλ’
629 485 766 572 εἶα,
795 483 1016 574 χώρει.
1049 484 1162 571 [μὴ
1191 483 1265 554 τὸ
1295 482 1418 552 σὸν
1445 486 1776 553 κωλυέτω.
2112 503 2224 558 990

445 602 789 674 γυναῖκες,
819 581 906 666 ὥς
937 577 1039 668 εὖ]
1073 583 1320 674 πατρὸς
1349 588 1596 667 ἐξεῖλον
1621 585 1838 673 φόβον

444 689 691 769 κλέψας
725 687 1055 776 λόγοισιν,
1094 681 1268 756 ὥσθ’
1302 683 1346 755 ἃ
1373 685 1703 775 βούλομαι
1731 704 1956 774 τυχεῖν
1979 711 1992 725 ·

446 784 519 868 ὅς
544 785 613 877 μ’
647 792 1001 878 ἐκκομίζει,
1032 787 1229 856 πόλιν
1258 785 1647 877 ἀποστερῶν
1677 787 1900 877 τύχης,

443 891 556 958 καὶ
581 895 798 982 δειλία
824 895 1081 960 δίδωσι.
1114 891 1227 958 καὶ
1254 886 1650 978 συγγνωστὰ
1677 888 1802 977 μὲν

445 993 709 1080 γέροντι
728 1014 742 1028 ·
775 990 1027 1079 τούμὸν
1056 988 1122 1058 δ’
1157 987 1308 1077 οὐχὶ
1339 990 1746 1078 συγγνώμην
1773 997 1926 1078 ἔχει,
2113 1009 2222 1064 995

446 1093 783 1180 προδότην
809 1095 1127 1179 γενέσθαι
1154 1097 1470 1181 πατρίδος
1497 1089 1540 1179 ἤ
1563 1089 1635 1179 μ’
1668 1095 1985 1179 ἐγείνατο.

440 1195 553 1284 [ὥς
573 1191 700 1263 οὖν
723 1197 808 1262 ἂν
841 1194 1063 1281 εἰδῆτ’,
1096 1190 1228 1279 εἶμι
1254 1194 1370 1260 καὶ
1395 1191 1587 1260 σώσω
1614 1193 1812 1261 πόλιν

442 1294 668 1380 ψυχήν
696 1321 767 1362 τε
796 1294 992 1363 δώσω
1022 1289 1211 1380 τῆσδ’
1242 1288 1661 1381 ὑπερθανεῖν
1687 1294 1979 1382 χθονός]

444 1392 722 1483 αἰσχρὸν
750 1395 911 1485 γάρ,
943 1399 1014 1462 ol
1037 1394 1162 1482 μὲν
1193 1393 1557 1483 θεσφάτων
1587 1392 1938 1484 ἐλεύθεροι

443 1493 611 1565 κούκ
643 1503 736 1576 είς
762 1492 1065 1583 ἀνάγκην
1094 1494 1438 1583 δαιμόνων
1464 1492 1824 1584 ἀφιγμένοι
2087 1516 2226 1568 1000

444 1597 713 1678 στάντες
740 1594 899 1686 παρ’
936 1593 1166 1666 ἀσπίδ’
1203 1592 1330 1666 οὐκ
1359 1593 1764 1685 ὀκνήσουσιν
1792 1609 2053 1685 θανεῖν,

446 1697 725 1784 πύργων
752 1699 1037 1785 πάροιθε
1062 1696 1423 1785 μαχόμενοι
1449 1697 1698 1786 πάτρας
1722 1695 1895 1788 ὕπερ
1911 1721 1927 1736 ·

448 1795 577 1883 ἐγώ
610 1797 685 1866 δὲ
714 1800 963 1888 πατέρα
988 1801 1102 1868 καὶ
1130 1806 1533 1886 κασίγνητον
1566 1799 1861 1888 προδοὺς

446 1897 645 1966 πόλιν
674 1894 735 1968 τ’
767 1903 1059 1986 ἐμαυτοῦ
1089 1897 1306 1981 δειλὸς
1335 1896 1424 1980 ὥς
1453 1901 1574 1981 ἔξω
1601 1899 1849 1988 χθονὸς

452 1996 680 2087 ἄπειμ’
701 2022 717 2035 ·
752 1995 926 2069 ὅπου
954 1998 1019 2068 δ’
1054 1997 1138 2069 ἄν
1164 2008 1287 2088 ζῶ,
1318 1998 1522 2081 κακὸς
1553 2002 1949 2090 φανήσομαι.
2085 2021 2220 2070 1005

449 2099 540 2186 μὰ
568 2100 688 2170 τὸν
714 2099 857 2187 μετ’
891 2098 1155 2192 ἄστρων
1182 2097 1348 2190 Ζῆν’
1369 2097 1538 2190 ”Amy
1592 2128 1663 2171 τε
1707 2111 1998 2190 φοίνιον,

448 2198 519 2281 ὃς
546 2201 703 2282 τούς
732 2199 1248 2292 ὑπερτείλαντας
1275 2206 1346 2272 ἐκ
1374 2209 1568 2290 γαίας
1595 2202 1753 2272 ποτὲ

447 2302 785 2392 σπαρτούς
812 2300 1101 2385 ἄνακτας
1130 2309 1332 2392 τῆσδε
1361 2311 1482 2392 γῆς
1518 2302 1859 2390 ἱδρύσατο.

450 2399 598 2471 ἀλλ’
633 2403 764 2491 εἶμι
790 2406 905 2475 καὶ
929 2403 1085 2485 στὰς
1112 2409 1177 2487 ἐξ
1208 2405 1541 2488 ἐπάλξεων
1573 2400 1800 2495 ἄκρων
2001 2466 2005 2470 ,

451 2503 705 2591 σφάξας
737 2505 1025 2592 ἐμαυτὸν
1052 2505 1261 2594 σηκὸν
1293 2511 1359 2587 ἐς
1383 2513 1780 2595 μελαμβαθῆ
2086 2525 2224 2574 1010

452 2605 841 2693 δράκοντος,
874 2604 1025 2676 ἔνθ’
1057 2603 1093 2676 ὁ
1120 2607 1354 2695 μάντις
1381 2608 1760 2695 ἐξηγήσατο,

455 2707 888 2796 ἐλευθερώσω
916 2720 1115 2795 γαῖαν
1132 2731 1147 2745 ·
1186 2718 1439 2796 εἴρηται
1465 2708 1678 2795 λόγος.

454 2814 687 2894 στείχω
718 2810 823 2892 δέ,
851 2809 1155 2879 θανάτου
1184 2816 1408 2900 δῶρον
1435 2806 1560 2878 οὐκ
1587 2806 1862 2895 αἰσχρὸν
1889 2809 2078 2876 πόλει

454 2908 725 2995 δώσων,
762 2909 967 2978 νόσου
996 2910 1073 2979 δὲ
1101 2908 1292 2999 τήνδ’
1326 2907 1675 2992 ἀπαλλάξω
1700 2909 1937 2996 χθόνα.

455 3013 521 3077 εἰ
549 3007 673 3098 γὰρ
703 3008 930 3099 λαβών
960 3008 1303 3092 ἕκαστος·ὃ’
1330 3041 1393 3080 τι
1422 3011 1700 3082 δύναιτό
1726 3039 1826 3092 τις
2086 3029 2220 3080 1015

454 3112 738 3197 χρηστὸν
767 3114 1026 3181 διέλθοι
1053 3119 1249 3182 τοῦτο
1277 3121 1414 3194 κείς
1439 3112 1670 3184 κοινὸν
1699 3116 1894 3202 φέροι

453 3216 757 3302 πατρίδι,
788 3220 1015 3282 κακῶν
1042 3209 1127 3283 ἄν
1152 3220 1229 3283 αἱ
1254 3217 1480 3296 πόλεις
1512 3214 1891 3285 ἐλασσόνων

452 3312 857 3401 πειρώμεναι
886 3313 958 3383 τὸ
988 3312 1225 3383 λοιπὸν
1254 3314 1594 3403 εὐτυχοῖεν
1627 3313 1732 3384 ἄν.

450 3419 606 3499 ἔβας
634 3420 808 3501 ἔβας,
1953 3437 2090 3504 στρ.

779 3535 1159 3596 1019-10-12
1181 3553 1265 3582 =
1290 3536 1516 3590 1043·—
1534 3537 1670 3594 1066
