2534 3917
345 151 471 214 358
1118 150 1550 210 ΤΡΩΙΑΔΕΣ

581 320 660 390 τὰ
690 316 954 409 φίλτατ’
991 315 1215 406 med,
1245 316 1497 408 ἡδονὰς
1525 318 1642 400 τὰς
1668 330 1947 390 οἴκοθεν

574 426 830 494 τέκνων
859 419 1133 514 ἀδελφῷ
1166 420 1328 502 δοὺς
1356 419 1678 508 γυναικὸς
1715 428 1938 492 εἵνεκα
1955 475 1975 511 ,

578 528 691 595 καὶ
717 522 923 595 ταῦθ’
959 524 1240 613 ἑκούσης
1267 521 1395 593 κού
1423 531 1543 616 βία
1571 528 1999 614 λελῃσμένης.

579 631 724 699 ἐπεὶ
751 625 822 698 δ’
859 625 963 698 ἐπ’
999 624 1201 709 ἀκτὰς
1227 623 1494 715 ἤλυθον
1522 633 2065 718 Σκαμανδρίους,

579 739 953 820 ἔθνησκον,
984 727 1066 800 οὗ
1096 737 1218 819 γῆς
1247 726 1381 819 ὅρι’
1417 726 1992 819 ἀποστερούμενοι
2270 752 2369 805 375

579 831 732 904 οὐδ’
765 830 1161 924 ὖψιπύργου
1190 838 1542 922 πατρίδος·
1572 827 1693 913 οὓς
1720 830 1783 902 δ’
1800 830 2006 923 ’Ἄρης
2035 837 2194 923 ἕλοι,

579 934 662 1005 οὐ
698 941 941 1017 παῖδας
969 935 1187 1022 εἶδον,
1219 932 1302 1005 οὐ
1334 935 1667 1023 δάμαρτος
1696 939 1772 1004 ἐν
1798 951 2028 1025 χεροῖν

579 1040 854 1119 πέπλοις
892 1037 1423 1127 συνεστάλησαν,
1455 1040 1530 1107 ἐν
1556 1040 1712 1127 ξένῃ
1740 1039 1816 1109 δὲ
1844 1046 1932 1128 γῇ

579 1157 854 1212 κεῖνται.
886 1140 965 1211 τά
996 1138 1062 1211 δ’
1097 1150 1269 1210 οἴκοι
1298 1138 1511 1210 τοῖσδ’
1548 1137 1732 1228 ὅμοι’
1768 1145 2074 1230 ἐγίγνετο
2094 1164 2107 1177 ·
2502 1120 2505 1207 λ

580 1251 787 1336 χῆραί
806 1242 866 1313 τ’
905 1252 1279 1335 ἔθνησκον,
1310 1252 1387 1314 οἳ
1404 1240 1471 1312 δ’
1506 1240 1784 1324 ἄπαιδες
1813 1248 1888 1313 ἐν
1917 1243 2147 1332 δόμοις
2270 1262 2366 1316 380
2505 1287 2506 1321 1

580 1344 788 1427 ἄλλως
832 1344 1014 1417 τέκν’
1046 1348 1535 1437 ἐκθρέψαντες,
1569 1342 1732 1415 οὐδὲ
1762 1344 1929 1436 πρὸς
1960 1346 2217 1433 τάφους

579 1447 730 1518 ἔσθ’
764 1446 945 1531 ὅστις
971 1447 1200 1530 αὐτοῖς
1228 1444 1390 1537 αἷμα
1423 1455 1509 1538 γῇ
1538 1448 1929 1538 δωρήσεται.

579 1542 621 1637 ἦ
646 1548 837 1620 τοῦδ’
872 1551 1152 1621 ἐπαίνου
1179 1550 1254 1620 τὸ
1285 1547 1640 1639 στράτευμ’
1676 1552 1965 1633 ἐπάξιον.

580 1660 780 1741 σιγᾶν
807 1649 1089 1741 ἄμεινον
1117 1650 1403 1745 τᾴσχρά,
1434 1653 1604 1741 μηδὲ
1637 1654 1859 1741 μοῦσά
1881 1682 1993 1741 μοι

580 1752 826 1843 γένοιτ’
862 1753 1088 1837 ἀοιδὸς
1116 1752 1259 1843 ἥτις
1288 1753 1573 1844 ὑμνήσει
1602 1756 1793 1826 κακά.
2265 1770 2364 1826 385
2508 1786 2513 1907 1

589 1865 810 1949 Τρῶες
839 1858 913 1928 δὲ
941 1866 1211 1950 πρῶτον
1237 1862 1395 1947 μέν,
1425 1856 1499 1927 τὸ
1529 1856 1889 1927 κάλλιστον
1916 1861 2132 1943 κλέος,

581 1958 753 2051 ὑπὲρ
783 1961 1036 2051 πάτρας
1067 1969 1439 2049 ἔθνησκον·
1472 1956 1592 2041 οὓς
1620 1958 1685 2029 δ’
1721 1963 1861 2030 ἕλοι
1889 1960 2082 2048 δόρυ,
2512 1952 2515 2069 1

579 2070 815 2154 νεκροί
836 2061 908 2152 γ’
941 2068 1008 2146 ἐς
1036 2075 1266 2144 οἴκους
1295 2063 1658 2153 φερόμενοι
1691 2069 1915 2151 φίλων
1940 2058 2075 2131 ὕπο

583 2170 657 2235 ἐν
684 2172 770 2255 γῇ
800 2166 1075 2258 πατρῶα
1101 2164 1464 2257 περιβολὰς
1494 2164 1675 2252 εἶχον
1701 2166 1968 2253 χθονός,

579 2270 808 2359 χερσὶν
835 2271 1341 2393 περισταλέντες
1370 2296 1470 2337 ων
1497 2264 1775 2357 ἐχρῆν”’
1728 2289 1893 2336 υπο·
2266 2282 2371 2336 390

581 2391 725 2440 οσοι
755 2370 832 2439 δὲ
858 2370 949 2459 μὴ
981 2369 1266 2440 θάνοιεν
1293 2374 1368 2439 έν
1394 2371 1567 2461 μάχῃ
1596 2377 1915 2460 Φρυγων,

582 2468 688 2540 άεὶ
715 2468 865 2539 κατ’
896 2463 1072 2563 ἦμαρ
1101 2471 1233 2543 σὺν
1215 2472 1545 2599 δάμαρτι
1573 2474 1689 2542 καὶ
1715 2474 1974 2551 τέκνοις

588 2570 815 2665 ᾆίκουν
829 2571 1158 2664 ,Ἀχαιοῖς
1188 2604 1287 2645 ων
1320 2573 1589 2664 ἀπῆσαν
1613 2571 1875 2662 ἡδοναί.

581 2707 659 2746 τα
692 2674 759 2746 δ’
786 2672 1099 2769 Ἕκτορός
1125 2700 1233 2749 σοι
1260 2676 1465 2768 λύπρ’
1499 2675 1797 2747 ακουσον
1830 2673 1920 2757 ὥς
1950 2682 2081 2763 ἔχει
2102 2696 2117 2711 ·

587 2779 782 2863 δόξας
811 2780 984 2871 ἀνὴρ
1015 2779 1284 2870 ἄριστος
1313 2792 1559 2869 οἴχεται
1588 2778 1850 2865 θανών,
2270 2795 2379 2849 395

585 2887 698 2955 καὶ
732 2881 923 2955 ταῦτ’
951 2882 1234 2971 Ἀχαιῶν
1260 2875 1403 2973 ἦξις
1430 2881 1840 2972 ἐξεργάζεται
1858 2902 1872 2916 ·

584 2994 647 3056 εἰ
672 2983 744 3055 δ’
778 2979 951 3074 ἦσαν
980 2995 1188 3073 οἴκοι,
1217 2984 1504 3078 χρηστὸς
1532 2992 1781 3055 ἔλαθεν
1808 2979 1894 3052 ἂν
1926 2981 2161 3070 γεγώς.

582 3088 798 3177 Πάρις
826 3086 883 3156 τ’
923 3096 1126 3177 ἔγημε
1154 3087 1279 3178 τὴν
1304 3088 1472 3169 Διός
1490 3110 1504 3124 ·
1538 3085 1752 3177 γήμας
1781 3086 1858 3155 δὲ
1883 3085 1993 3173 μή,

581 3190 957 3280 σιγώμενον
985 3189 1060 3260 τὸ
1089 3197 1299 3271 κῦδος
1330 3190 1504 3275 εἶχεν
1536 3195 1613 3261 ε’ν
1642 3188 1893 3277 δόμοις.
2269 3202 2383 3257 399

582 3295 868 3384 φεύγειν
895 3294 1019 3383 μὲν
1048 3284 1176 3363 οὖν
1203 3292 1329 3384 χρὴ
1361 3294 1652 3382 πόλεμον
1679 3289 1861 3372 ὅστις
1890 3281 1971 3360 εὖ
1998 3289 2275 3378 φρονεῖ·

586 3403 650 3466 εἰ
677 3395 740 3466 δ’
777 3405 870 3477 εἰς
898 3393 1040 3468 τόδ’
1075 3404 1301 3483 ἔλθοι,
1330 3400 1660 3485 στέφανος
1689 3390 1815 3465 οὐκ
1843 3390 2111 3480 αἰσχρὸς
2139 3390 2336 3460 πόλει

585 3506 804 3579 καλῶς
831 3495 1141 3586 ὀλέσθαι,
1172 3498 1261 3587 μὴ
1293 3506 1513 3578 καλῶς
1541 3499 1617 3566 δὲ
1643 3502 1985 3575 δυσκλεές.
2055 3571 2060 3576 ,
2154 3502 2200 3515 ‘
