2534 3917
1130 183 1275 240 ΜΗ
1276 180 1494 239 ΔΕΙᾹ
2199 185 2323 246 209

545 356 754 429 ναίεις
785 357 1021 437 χθονί,
1057 357 1172 429 τᾶς
1202 346 1543 438 ἀνάνδρου
2218 370 2320 423 435

541 459 767 530 κοίτας
799 448 1082 520 ὀλέσασα
1111 454 1411 540 λέκτρον,

542 552 855 639 τάλαινα,
895 551 1116 640 φυγὰς
1151 553 1226 622 δὲ
1252 553 1470 641 χώρας

542 651 772 742 ἄτιμος
806 655 1092 728 ἐλαύνει.

475 834 482 837 ,
538 759 785 845 βέβακε
814 753 882 826 δ’
915 752 1140 845 όρκων
1165 757 1387 845 χάρις,
1420 749 1571 825 οὐδ’
1607 751 1700 824 ἔτ’
1736 753 1941 836 αίδως
2019 753 2161 825 ἀντ.

531 855 798 928 Ἑλλάδι
828 865 911 948 τᾷ
938 857 1191 950 μεγάλᾳ
1218 860 1437 945 μένει,
1470 862 1742 949 αἰθερία
1771 853 1838 926 δ’
1878 854 2145 928 ἀνέπτα.
2216 875 2319 927 440

548 961 652 1028 σοὶ
687 957 756 1029 δ’
793 984 952 1028 ουτε
979 959 1227 1048 πατρὸς
1255 960 1475 1048 δόμοι,

544 1059 863 1148 δύστανε,
893 1069 1439 1151 μεθορμίσασθαι

541 1160 818 1248 μόχθων
845 1162 1057 1252 πάρα,
1093 1171 1233 1233 σῶν
1266 1191 1337 1232 τε
1369 1165 1666 1249 λέκτρων

541 1260 706 1332 ἄλλα
730 1271 1037 1351 βασίλεια
1067 1271 1399 1354 κρείσσων

545 1364 773 1452 δόμοις
814 1369 1164 1437 ἐπανέστα.
2218 1384 2319 1438 445

319 1473 433 1535 ΙΑ.
538 1463 622 1535 οὐ
648 1472 781 1536 νῦν
807 1473 1117 1538 κατεῖδον
1144 1474 1412 1558 πρῶτον
1441 1461 1609 1535 ἀλλὰ
1636 1465 1951 1546 πολλάκις

541 1583 853 1656 τραχεῖαν
879 1565 1092 1660 ὀργὴν
1121 1566 1211 1650 ὥς
1237 1567 1580 1662 ἀμήχανον
1609 1567 1836 1640 κακόν.

545 1672 652 1739 σοὶ
678 1669 806 1760 γὰρ
835 1669 1055 1759 παρὸν
1082 1678 1213 1759 γῆν
1239 1672 1445 1760 τήνδε
1476 1672 1590 1739 καὶ
1624 1670 1875 1757 δόμους
1902 1677 2078 1757 ἔχειν

544 1772 817 1860 κούφως
846 1772 1151 1863 φερούσῃ
1179 1773 1594 1863 κρεισσόνων
1620 1769 2067 1861 βουλεύματα,

545 1873 764 1961 λόγων
789 1881 1091 1961 ματαίων
1131 1874 1332 1944 εἵνεκ’
1382 1877 1651 1943 ἐκπεσεῐ
1669 1872 1933 1961 χθονός.
2218 1893 2321 1945 450

546 1972 745 2064 κάμοὶ
772 1976 896 2064 μὲν
925 1971 1131 2045 οὐδὲν
1160 1983 1431 2065 πρᾶγμα
1450 1998 1463 2011 ·
1496 1973 1587 2062 μὴ
1622 1975 1845 2063 παύσῃ
1875 1974 2033 2044 ποτὲ

545 2074 809 2164 λέγουσ’
845 2074 1076 2146 Ἰάσων
1100 2073 1188 2158 ὥς
1217 2075 1524 2155 κάκιστός
1552 2075 1688 2146 ἐστ’
1722 2072 1893 2166 ἀνήρ
1912 2097 1926 2112 ’

546 2174 590 2246 ἃ
617 2176 682 2247 δ’
719 2185 812 2259 εἰς
839 2178 1217 2268 τυράννους
1245 2184 1392 2250 ἐστί
1417 2200 1524 2247 σοι
1553 2181 1936 2266 λελεγμένα,

545 2287 680 2349 πᾶν
711 2283 947 2370 κέρδος
973 2278 1147 2370 ἡγοῦ
1177 2283 1579 2371 ζημιουμένη
1611 2286 1817 2370 φυγῇ.

549 2379 733 2469 κάγὼ
761 2382 885 2469 μὲν
912 2380 1019 2452 ἀεὶ
1049 2387 1382 2472 βασιλέων
1408 2385 1870 2472 θυμουμένων
2222 2400 2323 2451 455

551 2481 753 2570 ὀργὰς
781 2481 1097 2574 ἀφῄρουν
1124 2494 1244 2555 καί
1274 2483 1339 2555 σ’
1373 2485 1749 2573 ἐβουλόμην
1778 2486 2037 2573 μένειν·

550 2583 637 2653 σὺ
665 2582 729 2653 δ’
768 2582 893 2654 οὐκ
924 2582 1134 2666 ἄνίεις
1159 2594 1448 2676 μωρίας,
1489 2582 1756 2673 λέγουσ’
1788 2582 1895 2653 ἀεὶ

554 2693 771 2766 κακῶς
799 2688 1208 2775 τυράννους·
1241 2685 1475 2776 τοιγὰρ
1505 2689 1775 2756 ἐκπεσεῖ
1794 2686 2061 2773 χθονός.

553 2783 730 2876 ὅμως
762 2791 838 2857 δὲ
866 2785 993 2857 κᾶκ
1020 2786 1227 2860 τῶνδ’
1267 2785 1395 2858 ούκ
1422 2784 1799 2877 ἀπειρηκώς
1829 2795 2051 2875 φίλοις

555 2886 730 2978 ἥκω,
761 2888 836 2960 τὸ
866 2889 990 2960 σὸν
1019 2891 1095 2960 δὲ
1125 2890 1750 2981 προσκοπούμενος,
1781 2888 2002 2976 γύναι,
2224 2905 2328 2960 460

557 2988 646 3071 ὡς
672 2988 821 3080 μήτ’
858 2988 1175 3082 ἀχρήμων
1202 2991 1335 3062 σὺν
1362 2994 1696 3062 τέκνοισιν
1723 2994 2004 3079 ἐκπέσῃς

545 3092 702 3177 μήτ’
739 3092 973 3176 ἐνδεής
1001 3116 1144 3158 του.
1197 3091 1426 3178 [πόλλ’
1461 3092 1812 3177 ἐφέλκεται
1842 3093 2027 3178 φυγὴ

547 3215 722 3258 κακα
752 3191 876 3270 ξύν
907 3186 1130 3280 αὐτῇ]
1179 3197 1293 3260 καὶ
1322 3193 1452 3280 γὰρ
1486 3197 1549 3261 εἰ
1574 3195 1662 3260 σύ
1690 3218 1772 3280 με
1804 3205 2105 3277 στυγεῖς,

544 3288 672 3361 οὐκ
705 3287 791 3361 α“ν
820 3298 1161 3383 δυναίμην
1189 3297 1298 3364 σοὶ
1326 3304 1547 3376 κακῶς
1574 3311 1857 3387 φρονεῖν
1883 3321 2061 3363 ποτε.

313 3397 482 3458 ΜΗ.
545 3420 596 3459 ω
628 3394 1071 3484 παγκάκιστε,
1103 3403 1304 3465 τοῦτο
1332 3397 1460 3486 γάρ
1491 3395 1559 3465 σ’
1597 3404 1809 3467 εἰπεῖν
1836 3403 1961 3482 ἔχω
2222 3411 2322 3464 465

548 3495 815 3584 γλωσσῃ
844 3498 1157 3583 μέγιστον
1187 3505 1281 3578 εἰς
1311 3495 1685 3586 ἀνανδρίαν
1710 3498 1942 3582 κακόν,

486 3611 664 3648 Evam.
708 3613 833 3651 vot.
877 3598 941 3650 ΙΙ.
1908 3593 1986 3654 14
