2534 3917
398 169 521 232 128
1018 179 1029 188 “
1325 173 1494 236 ΙΩΝ

628 332 771 416 ἐμοὶ
794 332 917 416 μὲν
940 331 1241 398 πλούτου
1264 357 1336 398 τε
1361 333 1572 419 πάρος
2303 357 2412 412 435

630 435 999 516 βασιλικῶν
1019 425 1081 495 τ’
1110 425 1245 495 εἶεν
1271 431 1603 515 θαλάμων

629 529 871 613 τροφαὶ
900 526 1157 612 κήδειοι
1179 531 1442 595 κεδνῶν
1462 554 1539 613 γε
1561 532 1834 598 τέκνων.

634 624 754 696 τὸν
783 621 1035 694 ἄπαιδα
1063 619 1133 691 δ’
1166 621 1526 710 ἀποστυγῶ

636 734 790 817 βίον
822 716 878 819 ᾦ
906 752 978 795 τε
1009 731 1201 795 δοκεῖ
1222 727 1410 812 ψέγω
1429 746 1444 760 ·

633 827 798 918 μετὰ
822 828 899 898 δὲ
924 826 1225 897 κτεάνων
1254 832 1546 914 μετρίων
1577 832 1803 914 βιοτᾶς
2315 851 2426 906 490

638 927 955 1009 εὔπαιδος
982 934 1275 1017 ἐχοίμαν.

636 1026 691 1104 ὦ
716 1029 945 1113 Πανὸς
973 1031 1331 1118 θακήματα
1361 1029 1475 1098 καὶ

633 1140 1131 1224 παραυλίζουσα
1159 1133 1366 1222 πέτρα

630 1235 969 1326 μυχώδεσι
993 1244 1332 1325 Μακραῖς,

633 1346 745 1409 ἵνα
770 1336 1011 1427 χοροὺς
1036 1344 1377 1424 στείβουσι
1403 1339 1643 1403 ποδοῖν
2303 1356 2414 1410 495

626 1438 997 1529 Ἀγραύλου
1024 1437 1220 1529 κόραι
1247 1442 1550 1527 τρίγονοι

631 1542 865 1612 στάδια
890 1539 1133 1629 χλοερὰ
1160 1537 1290 1628 πρὸ
1319 1537 1672 1618 Παλλάδος

628 1651 848 1731 ναῶν,
888 1651 1231 1732 συρίγγων

630 1743 752 1818 ὑπ’
785 1744 1015 1824 αἰόλας
1044 1751 1230 1832 ἰαχᾶς

629 1846 901 1937 ὕμνων,
932 1841 1095 1916 ὅταν
1121 1840 1381 1927 αὖλίοις
2302 1867 2408 1918 500

631 1957 935 2042 συρίζῃς,
966 1939 1021 2017 ῶ
1045 1948 1221 2035 Πάν,

630 2068 801 2123 τοῖσι
829 2067 969 2133 σοῖς
995 2055 1070 2121 ἐν
1098 2047 1384 2140 ἄντροις,

629 2160 739 2224 ἵνα
765 2151 1052 2224 τεκοῦσά
1078 2178 1177 2231 τις

628 2257 1000 2342 παρθένος,
1031 2243 1087 2321 ὦ
1114 2255 1349 2340 μελέα,
1379 2256 1630 2342 βρέφος
2511 2271 2513 2329 4

628 2363 857 2448 Φοίβῳ
873 2406 892 2443 ,
922 2369 1195 2436 πτανοῖς
1223 2353 1494 2445 ἐξώρισε
1520 2362 1770 2424 θοίναν

624 2465 842 2547 θηρσί
860 2482 932 2526 τε
962 2463 1240 2545 φοινίαν
1272 2462 1500 2544 δαῖτα,
1530 2464 1794 2546 πικρῶν
1819 2457 2052 2546 γάμων
2297 2475 2402 2526 505
2509 2439 2512 2527 4

625 2555 849 2650 ὕβριν.
877 2555 1024 2631 οὔτ’
1056 2561 1167 2630 ἐπὶ
1195 2565 1500 2650 κερκίσιν
1527 2555 1685 2628 οὔτε
1711 2559 1935 2647 λόγοις

628 2689 832 2751 φατιν
858 2691 1008 2734 αιον
1038 2658 1350 2750 ευτυχίας
1379 2664 1676 2750 μετέχειν
2508 2653 2509 2725 4

625 2763 885 2835 θεόθεν
912 2767 1111 2834 τέκνα
1135 2775 1431 2844 θνατοις.

390 2873 589 2936 ΙΩΝ.
618 2866 985 2957 πρόσπολοι
1035 2881 1385 2954 γυναῖκες,
1456 2875 1533 2937 αἳ
1581 2861 1784 2936 τῶνδ’
1845 2859 2020 2954 ἀμφὶ
2073 2870 2405 2956 κρηπῖδας
2505 2849 2508 2923 4

1303 2967 1532 3057 δόμων
2304 2985 2407 3036 510

621 3067 987 3138 θυοδόκων
1000 3063 1334 3159 φρουρημ’
1355 3079 1625 3159 ἔχουσαι
1651 3069 1986 3157 δεσπότην
2000 3066 2406 3158 φυλασσετε,
2503 3041 2506 3122 4

620 3166 947 3242 ἐκλέλοιπ’
979 3165 1109 3258 ἤδη
1137 3168 1255 3240 τὸν
1285 3170 1469 3263 ἱερὸν
1495 3179 1780 3264 τρίποδα
1820 3172 1935 3241 καὶ
1974 3169 2383 3261 χρηστήριον

617 3279 919 3359 Ξοῦθος,
948 3267 993 3359 ἦ
1018 3279 1247 3361 μίμνει
1274 3271 1424 3344 κατ’
1457 3273 1647 3344 οἷκον
1677 3281 1962 3365 ἱστορῶν
1991 3268 2354 3354 ἀπαιδίανς

386 3382 530 3443 XO.
613 3381 689 3445 ἐν
732 3374 957 3461 δόμοις
1002 3373 1162 3462 ἔστ’,
1204 3368 1261 3444 ῶ
1312 3370 1450 3459 ξέν’
1470 3398 1487 3414 ·
1546 3370 1736 3446 οὔπω
1781 3372 1953 3464 δῶμ’
2001 3369 2403 3464 ὑπερβαίνει
2500 3463 2501 3468 ¹

1294 3476 1468 3544 τόδε.
