2534 3917
178 1467 291 1530 ῙΦ.

168 1978 300 2038 ΑΧ.

163 3195 267 3254 ΙΦ.

162 3295 291 3358 ΚΛ.

157 3396 267 3457 ΙΦ.

161 3497 291 3559 ΚΛ.
316 3573 324 3580 ,

650 179 1107 236 ΙΦΙΓΕΝΕΙΑ
1144 179 1217 236 Η
1250 181 1373 237 ΕΝ
1413 181 1716 240 ΑΤΛΙΔΙ
2097 183 2176 250 51

402 353 635 432 ἔμελλε
660 343 941 431 θήσειν,
973 350 1038 413 εἰ
1060 344 1320 433 τύχοιμι
1351 353 1492 414 σῶν
1520 347 1772 436 γάμων.

399 453 575 534 ζηλῶ
606 445 682 514 δὲ
709 453 839 515 σοῦ
867 445 992 532 μὲν
1011 442 1300 535 Ἑλλάδ’,
1323 444 1634 530 Ἑλλάδος
1664 450 1739 520 δὲ
1767 455 1862 520 σε’.

402 539 485 616 εὖ
511 546 641 637 γὰρ
672 544 820 617 τόδ’
856 547 1044 628 εἴπας
1073 545 1268 629 ἀξίως
1298 575 1370 618 τε
1405 557 1726 636 πατρίδος
1744 574 1757 589 ·

398 648 495 731 [τό
526 660 891 737 θεομαχεῖν
918 646 1048 738 γὰρ
1079 645 1514 739 ἆπολιποῦσ’,
1546 647 1586 720 ὅ
1613 671 1740 722 σου
1769 671 2020 744 κρατεῖ,

400 753 757 838 ἐξελογίσω
786 749 868 819 τά
893 749 1145 840 χρηστὰ
1172 747 1541 840 τάναγκαῖά
1567 760 1683 838 τε.]
2045 774 2179 830 1410

397 860 653 939 μᾶλλον
685 852 759 920 δὲ
788 855 1085 942 λέκτρων
1114 859 1257 922 σῶν
1284 853 1497 936 πόθος
1525 850 1598 943 μ’
1647 858 1986 952 ἐσέρχεται

402 960 496 1032 είς
525 952 648 1042 τὴν
679 953 891 1041 φύσιν
918 956 1258 1043 βλέψαντα
1277 977 1290 992 ·
1324 963 1604 1043 γενναία
1633 955 1761 1048 γὰρ
1793 957 1870 1027 εἴ.

396 1051 523 1145 ὅρα
552 1052 619 1123 δ’
642 1079 655 1092 ·
690 1053 821 1143 ἐγω
852 1057 979 1145 γὰρ
1009 1055 1346 1144 βούλομαί
1367 1044 1431 1126 σ’
1468 1053 1848 1146 εὐεργετεῖν

398 1165 632 1244 λαβεῖν
658 1154 723 1225 τ’
758 1161 824 1237 ἐς
854 1168 1113 1238 οἴκους·
1147 1154 1446 1244 ἄχθομαί
1466 1155 1554 1245 τ’,
1588 1168 1746 1228 ἴστω
1779 1164 1990 1249 Θέτις,

400 1265 465 1327 εί
485 1258 580 1346 μή
606 1280 681 1327 σε
708 1257 904 1328 σώσω
931 1263 1344 1328 Δαναΐδαισι
1373 1256 1486 1326 διὰ
1513 1258 1723 1348 μάχης
2041 1279 2172 1334 1415

396 1358 657 1429 ἐλθών·
690 1357 1031 1450 ἄθρησον,
1063 1357 1098 1430 ὁ
1130 1359 1426 1443 θάνατος
1451 1359 1682 1430 δεινὸν
1711 1363 1938 1432 κακόν.

393 1459 812 1548 λε’γωτάδ’*
898 1468 927 1500 28
1014 1465 1044 1496 ³⁸¹
1134 1467 1159 1500 ἡ
1252 1467 1279 1499 ¹0¹
1369 1473 1398 1501 *ι
1488 1471 1514 1502 *ι
1605 1466 1634 1502 10¹
1725 1470 1753 1502 *

391 1561 437 1650 ή
479 1566 816 1652 Τυνδαρὶς
844 1579 999 1644 παῖς
1030 1562 1143 1632 διὰ
1172 1561 1244 1631 τὸ
1277 1559 1447 1653 σῶμ’
1482 1561 1676 1653 ἀρκεῖ
1701 1565 1911 1654 μάχας

392 1662 666 1755 ἀνδρῶν
694 1676 958 1734 τιθεῖσα
986 1667 1100 1734 καὶ
1132 1664 1419 1754 φόνους·
1451 1665 1538 1735 σύ
1569 1663 1662 1754 δ’,
1696 1655 1750 1734 ὦ
1779 1669 1947 1754 ξένε,

390 1765 481 1854 μὴ
510 1774 768 1854 θνῆσκε
796 1763 892 1835 δι’
926 1766 1038 1855 ἐμὲ
1066 1763 1224 1856 μηδ’
1259 1763 1660 1855 ἀποκτείνῃς
1686 1768 1853 1836 τινά.
2032 1785 2166 1838 1420

391 1875 468 1936 ἔα
498 1867 573 1937 δὲ
601 1875 820 1938 σῶσαί
840 1866 906 1957 μ’
933 1864 1220 1953 Ἑλλάδ’,
1250 1863 1338 1956 ἢν
1367 1865 1755 1954 δυνώμεθα.

356 1959 443 2036 »ὦ
469 1966 626 2058 λῆμ’
661 1967 967 2059 ἄριστον,
998 1967 1125 2039 οὐκ
1155 1977 1282 2058 ἔχω
1311 1967 1479 2057 πρὸς
1505 1967 1690 2038 τοῦτ’
1727 1977 1820 2037 ἔτι

389 2072 612 2158 λέγειν
628 2124 646 2157 ,
676 2075 830 2141 ἐπεί
846 2092 953 2141 σοι
980 2071 1139 2140 τάδε
1167 2076 1386 2140 δοκεῖ·
1413 2085 1691 2158 γενναῖα
1717 2070 1844 2158 γὰρ

389 2187 698 2263 φρονεῖς·
728 2181 801 2242 τί
820 2170 949 2262 γὰρ
979 2169 1267 2260 τάληθὲς
1297 2168 1422 2242 οὐκ
1463 2181 1639 2243 εἴποι
1669 2198 1766 2253 τις
1795 2168 1914 2256 ἅν;

384 2269 560 2361 ὅμως
573 2265 817 2364 <mame
830 2278 955 2362 γάρ
969 2277 1097 2342 κᾶν
1116 2281 1511 2363 μεταγνοίης
1539 2273 1717 2358 τάδε,
2023 2291 2158 2345 1425

384 2372 498 2457 [ὧς
527 2365 655 2443 οὖν
683 2369 769 2443 ἂν
798 2381 978 2466 εἰδῇς
1007 2372 1162 2445 τάπ’
1196 2379 1361 2463 ἐμοῦ
1392 2375 1780 2464 λελεγμένα]

386 2474 614 2545 ἐλθών
643 2474 790 2546 τάδ’
825 2473 997 2546 ὅπλα
1025 2476 1322 2566 θήσομαι
1351 2484 1586 2566 βωμοῦ
1617 2479 1840 2564 πέλας,

384 2573 475 2657 ὥς
505 2574 631 2646 οὐκ
660 2577 877 2648 ἐάσων
903 2575 968 2647 σ’
1004 2575 1172 2647 ἀλλὰ
1201 2578 1531 2648 κωλύσων
1560 2588 1823 2647 θανεῖν.

377 2681 631 2770 [χρήσει
654 2684 727 2748 δὲ
746 2682 861 2749 καὶ
886 2679 973 2747 σύ
1002 2696 1139 2759 τοῖς
1170 2683 1350 2768 ἐμοῖς
1378 2678 1603 2768 λόγοις
1627 2679 1812 2765 τάχα,

382 2777 547 2849 ὅταν
576 2782 778 2861 πέλας
812 2787 937 2870 ’σῆς
964 2773 1316 2870 φάσγανον
1346 2783 1544 2871 δέρης
1574 2785 1740 2868 ἴδῃς.
2025 2797 2159 2852 1430

382 2878 637 2952 οὔκουν
666 2883 839 2952 ἐάσω
867 2878 934 2952 σ’
970 2879 1326 2973 ἀφροσύνῃ
1354 2889 1435 2971 τῇ
1464 2888 1547 2972 σῇ
1576 2891 1851 2950 θανεῖν·

378 2981 605 3052 ἐλθών
634 2984 710 3052 δὲ
738 2983 869 3053 σὺν
896 2979 1125 3066 ὅπλοις
1152 2990 1375 3054 τοῖσδε
1405 2981 1570 3071 πρὸς
1598 2981 1767 3053 ναόν
1796 2990 1962 3063 θεᾶς

378 3085 819 3176 καραδοκήσω
847 3082 974 3174 σὴν
1003 3091 1146 3155 ἐκεῖ
1167 3092 1588 3176 παρουσίαν.]

377 3195 585 3277 μῆτερ
606 3239 625 3273 ,
655 3195 727 3256 τί
747 3195 903 3278 σιγῇ
934 3187 1255 3276 δακρύοις
1284 3190 1540 3274 τέγγεις
1570 3185 1810 3278 κόρας;

378 3296 505 3377 ἔχω
534 3288 816 3359 τάλαινα
844 3288 1187 3381 πρόφασιν
1217 3285 1374 3358 ὥστ’
1410 3283 1643 3376 ἀλγεῖν
1672 3289 1910 3378 φρένα.
2024 3301 2158 3356 1435

376 3396 638 3460 παῦσαί
657 3419 740 3478 με
766 3389 858 3480 μὴ
887 3389 1143 3476 κάκιζε·
1175 3390 1334 3459 τάδε
1362 3386 1427 3458 δ’
1464 3391 1609 3476 ἐμοὶ
1637 3395 1872 3458 πιθοῦ.

374 3487 543 3580 λέγ’,
576 3490 665 3573 ὥς
695 3491 854 3582 παρ’
906 3491 1095 3581 ἡμῶν
1126 3488 1331 3562 οὐδὲν
1361 3487 1700 3578 ἀδικήσει,
1733 3493 1988 3644 Ξέένον.
