2534 3917
1138 205 1304 264 ΙΩΝ
2102 205 2230 270 139

233 383 355 445 XO.
436 369 645 461 οἶσθ’,
676 363 733 441 ω’
761 378 929 462 φίλη
959 373 1315 458 δέσποινα,
1344 369 1464 441 τὸν
1494 382 1774 443 νεανίαν

223 588 348 650 KP.

219 892 401 954 HAI.

220 1097 355 1158 XO.

216 1708 401 1770 ΠΑΙ.

441 473 515 557 ὃς
540 471 731 545 τόνδ’
763 479 989 564 ἔσαιρε
1012 473 1217 558 ναόν;
1250 464 1448 555 οὗτος
1475 471 1629 544 ἔσθ’
1662 471 1700 544 ὁ
1727 491 1902 556 παῖς.
2129 494 2230 551 795

441 573 552 647 ἄν’
587 573 808 668 ὑγρὸν
836 571 1177 664 ἀμπταίην
1204 577 1450 667 αἰθέρα
1480 577 1710 667 πόρσω
1740 586 1893 665 γαί-

443 709 520 760 ας
538 675 885 760 Ἑλλανίας
899 730 919 765 ,
954 675 1234 769 ἀστέρας
1260 680 1606 768 ἑσπέρους,

444 777 592 850 οἷον
620 775 771 849 οἷον
797 775 997 868 ἄλγος
1026 787 1290 850 ἔπαθον
1318 787 1532 869 φίλαι.

443 879 658 971 ὄνομα
686 880 763 950 δὲ
791 897 988 952 ποῖον
1014 879 1225 951 αὐτὸν
1253 879 1564 969 ὀνομάζει
1592 884 1845 973 πατήρ;
2125 904 2230 958 800

446 980 659 1071 οἶσθ’,
689 980 735 1072 ἦ
761 991 979 1075 σιωπῇ
1008 980 1196 1054 τοῦτ’
1228 985 1615 1072 ἀκήρυκτον
1643 987 1858 1072 μένεις

420 1083 632 1173 Ἴων’,
661 1089 935 1176 ἐπείπερ
965 1093 1225 1177 πρῶτος
1251 1083 1543 1176 ἤντησεν
1568 1095 1790 1174 πατρί.

441 1185 689 1279 μητρὸς
717 1184 784 1257 δ’
817 1184 1054 1269 ὁποίας
1081 1191 1301 1270 ἐστίν,
1347 1189 1475 1260 οὐκ
1507 1196 1631 1276 ἔχω
1657 1195 1932 1278 φράσαι.

446 1294 747 1380 φροῦδος
774 1287 866 1377 δ’,
897 1286 989 1359 ἵν’
1024 1295 1209 1379 εἰδῇς
1235 1287 1454 1359 πάντα
1481 1285 1636 1359 τάπ’
1670 1294 1870 1378 ἐμοῦ,
1901 1294 2125 1384 γέρον,

445 1389 685 1472 παιδὸς
709 1392 1084 1483 προθύσων
1112 1394 1296 1475 ξένια
1323 1394 1438 1461 καὶ
1463 1394 1806 1481 γενέθλια,
2124 1413 2228 1468 805

443 1491 692 1582 σκηνὰς
721 1495 789 1574 ἐς
816 1491 998 1586 ἱερὰς
1025 1499 1226 1582 τῆσδε
1254 1503 1600 1585 λαθραίως
1629 1494 1840 1584 πόσις,

444 1601 638 1685 κοινῇ
665 1596 990 1678 ξυνάψων
1016 1601 1209 1666 δαῖτα
1241 1599 1434 1668 παιδὶ
1460 1603 1554 1690 τῷ
1583 1599 1735 1691 νέῳ.

414 1745 427 1758 -
444 1700 792 1785 δέσποινα,
823 1698 1378 1789 προδεδόμεσθα,
1408 1698 1541 1769 σὺν
1568 1699 1695 1787 γάρ
1726 1720 1832 1769 σοι
1861 1707 2061 1788 νοσῶ,

444 1806 566 1868 τοῦ
596 1806 721 1869 σοῦ
749 1797 916 1890 πρὸς
942 1796 1191 1891 ἀνδρὸς
1217 1803 1332 1870 καὶ
1358 1803 1922 1889 μεμηχανημένως

446 1897 900 1992 ὑβριζόμεσθα
926 1903 1257 1991 δωμάτων
1284 1900 1346 1972 τ’
1373 1900 1739 1994 Ἐρεχθέως
2125 1921 2230 1976 810

448 2004 956 2093 ἐκβαλλόμεσθα
972 2027 988 2042 ·
1021 2007 1136 2075 καὶ
1167 2003 1293 2075 σὸν
1314 2001 1398 2075 οὐ
1425 2012 1696 2093 στυγῶν
1723 2004 1924 2075 πόσιν

444 2108 652 2194 λέγω,
682 2106 757 2176 σὲ
782 2107 1010 2195 μέντοι
1036 2113 1298 2195 μᾶλλον
1321 2104 1366 2198 ἦ
1395 2123 1626 2177 κεῖνον
1653 2113 1875 2195 φιλῶν
1891 2129 1907 2143 ·

445 2205 628 2287 ὅστις
652 2230 728 2278 σε
759 2208 971 2297 γήμας
1002 2212 1188 2292 ξένος
1215 2208 1634 2281 ἐπεισελθὼν
1660 2208 1862 2280 πόλιν

445 2312 559 2380 καὶ
587 2316 777 2400 δῶμα
803 2313 916 2380 καὶ
944 2310 1074 2401 σὴν
1100 2311 1512 2404 παραλαβών
1538 2317 1985 2400 παγκληρίαν,

446 2410 649 2500 ἄλλης
677 2411 998 2502 γυναικὸς
1024 2420 1268 2496 παῖδας
1296 2415 1838 2506 ἐκκαρπούμενος
2126 2431 2228 2486 815

445 2514 671 2606 λάθρα
698 2518 1031 2604 πέφηνεν·
1073 2512 1162 2598 ὥς
1190 2517 1417 2609 λάθρᾳ
1443 2514 1534 2604 δ’,
1566 2516 1696 2606 ἐγώ
1729 2515 1966 2606 φράσω
1984 2539 1998 2553 ·

446 2620 599 2685 ἐπεί
616 2614 681 2686 σ’
713 2612 996 2689 ἄτεκνον
1021 2613 1285 2710 ᾔσθετ’,
1318 2617 1446 2690 οὐκ
1474 2622 1748 2707 ἔστεργέ
1769 2639 1876 2688 σοι

446 2715 671 2806 ὅμοιος
701 2718 873 2789 εἶναι
898 2727 1015 2810 τῆς
1041 2719 1243 2810 τύχης
1271 2718 1333 2788 τ’
1367 2731 1516 2790 ἴσον
1544 2723 1802 2811 φέρειν,

446 2818 677 2910 λαβὼν
707 2823 784 2892 δὲ
810 2827 1025 2893 δοῦλα
1049 2826 1290 2914 λέκτρα
1317 2819 1714 2912 νυμφεύσας
1739 2819 1964 2913 λάθρα

449 2919 568 2993 τὸν
595 2920 784 2994 παῖδ’
821 2931 1109 3013 ἔφυσεν,
1140 2927 1550 3015 ἐξενωμένον
1578 2928 1659 2996 δέ
1678 2951 1772 3016 τῳ
2125 2938 2231 2992 820

450 3032 748 3114 Δελφῶν
780 3031 1063 3097 δίδωσιν
1092 3031 1474 3119 ἐκτρέφειν·
1504 3023 1542 3097 ὃ
1572 3024 1639 3097 δ’
1674 3032 1750 3096 έν
1776 3033 1950 3094 θεοῦ

450 3126 760 3216 δόμοισιν
787 3125 1063 3217 ἄφετος,
1096 3125 1184 3211 ως
1212 3130 1449 3217 λάθοι,
1479 3127 1888 3200 παιδεύεται.

449 3239 729 3300 νεανίαν
757 3227 823 3301 δ’
858 3227 946 3314 ὡς
971 3228 1208 3324 ᾔσθετ’
1241 3234 1804 3322 ἐκτεθραμμένον,

452 3337 684 3403 ἐλθεῖν
710 3331 776 3403 σ’
810 3341 1031 3405 ἔπεισε
1060 3332 1253 3421 δεῦρ’
1296 3331 1612 3415 ἀπαιδίας
1635 3332 1854 3422 χάριν.

452 3425 689 3526 κᾷθ”ὁ
718 3435 881 3517 θεὸς
909 3434 1037 3507 οὐκ
1066 3433 1423 3524 ἐψεύσαθ’,
1455 3431 1574 3505 ὅδε
1607 3433 1672 3505 δ’
1705 3433 2032 3517 ἐψεύσατο
2129 3449 2234 3502 825

454 3537 659 3608 πάλαι
688 3539 959 3628 τρέφων
984 3537 1104 3608 τὸν
1131 3545 1370 3626 παῖδα,
1400 3535 1734 3608 κᾶπλεκεν
1767 3533 2017 3616 πλοκὰς
