2534 3917
323 1772 462 1833 KA.

322 1976 464 2035 AX.

321 2178 460 2238 KA.

319 2382 461 2441 AX.

317 2583 458 2643 KA.
484 2655 496 2664 ⁸

317 2787 461 2848 Ax.

317 2989 460 3051 KA.

316 3194 459 3253 AX.

323 3395 459 3457 KA.

778 167 1239 226 ΙΦΙΓΕΝΕΙΑ
1280 167 1353 223 Η
1386 167 1506 225 ΕΝ
1546 168 1861 225 ΛΤΛΙΔΙ

563 340 627 406 οἳ
654 338 778 425 μὲν
807 336 934 426 γὰρ
965 333 1158 427 ἡμῶν
1185 332 1375 415 ὄντες
1406 332 1639 424 ἄζυγες
1666 338 1900 425 γάμων
2230 357 2339 409 805

561 450 789 518 οἴκους
817 438 1101 530 ἐρήμους
1133 436 1517 517 ἐκλιπόντες
1545 438 1797 507 ἐνθάδε

559 540 892 610 θάσσουσ’
925 536 1034 610 ἐπ’
1065 535 1329 625 ἀκταῖς,
1359 544 1434 607 οἳ
1452 535 1519 609 δ’
1552 546 1813 627 ἔχοντες
1843 537 2119 622 εὔνιδας

557 644 670 711 καὶ
699 648 970 723 παῖδας·
1002 637 1178 711 οὕτω
1209 638 1431 721 δεινὸς
1459 639 1833 729 ἐμπέπτωκ’
1866 649 2033 731 ἔρως

557 750 760 833 τῆσδε
786 752 1129 834 στρατείας
1149 738 1409 812 Ἑλλάδ’
1445 740 1570 812 οὐκ
1600 740 1767 813 ἄνευ
1794 752 2001 813 θεῶν.

560 843 813 933 τούμὸν
839 846 964 934 μὲν
991 835 1120 915 οὖν
1149 851 1419 914 δίκαιον
1446 847 1559 934 ἐμὲ
1586 847 1807 932 λέγειν
1832 846 2081 935 χρεών·
2230 863 2337 919 810

560 945 758 1027 ἄλλος
784 944 852 1016 δ’
885 942 922 1018 ὁ
949 944 1211 1037 χρῄζων
1237 942 1441 1026 αὐτὸς
1468 943 1639 1037 ὑπὲρ
1666 941 1881 1017 αὑτοῦ
1909 948 2177 1040 φράσει.

559 1056 688 1138 γῆν
714 1046 843 1139 γὰρ
871 1047 1088 1118 λιπών
1115 1047 1473 1137 Φάρσαλον
1496 1046 1623 1137 ήδὲ
1646 1051 1877 1137 Πηλέα

555 1154 734 1239 μένω
756 1148 858 1224 ’πὶ
887 1160 1154 1231 λεπταῖς
1179 1146 1425 1220 ταισίδ’
1454 1148 1767 1241 Εὐρίπου
1792 1166 2049 1239 πνοαῖς,

554 1252 1006 1342 Μυρμιδόνας
1045 1262 1279 1339 ἴσχων·
1317 1252 1381 1323 οἳ
1405 1252 1473 1321 δ’
1501 1250 1606 1322 ἀεὶ
1632 1262 2103 1343 προσκείμενοι

555 1352 824 1443 λέγουσ’
846 1378 860 1393 ·
899 1351 1230 1443 Ἀχιλλεῦ,
1260 1362 1332 1421 τί
1352 1355 1910 1444 μένομενςπόσον
1925 1356 2175 1446 χρόνον
2226 1372 2327 1428 815

560 1454 654 1526 ἔτ’
689 1459 1084 1546 ἐκμετρῆσαι
1109 1452 1234 1544 χρὴ
1263 1453 1431 1543 πρὸς
1464 1454 1663 1527 Ἰλίου
1688 1456 1963 1541 στόλον;

556 1564 685 1645 δρᾶ
713 1554 804 1645 δ’,
836 1570 904 1628 εί
921 1587 985 1627 τι
1014 1555 1314 1649 δράσεις,
1344 1553 1391 1646 ἦ
1417 1554 1623 1647 ἄπαγ’
1657 1566 1889 1627 οἴκαδε
1917 1561 2228 1651 στρατόν,

554 1658 635 1728 τὰ
660 1666 796 1728 τῶν
830 1656 1192 1746 Ἀτρειδῶν
1218 1655 1309 1746 μὴ
1338 1662 1562 1747 μένων
1587 1659 1987 1750 μελλήματα.

547 1754 602 1830 ὦ
629 1777 752 1831 παῖ
773 1768 939 1842 θεᾶς
962 1765 1316 1851 Νηρῇδος,
1352 1768 1640 1841 ἔνδοθεν
1672 1761 1897 1849 λόγων

553 1870 689 1932 τῶν
715 1868 856 1939 ,σῶν
883 1859 1208 1934 άκούσασ’
1245 1864 1480 1951 ἐξέβην
1506 1864 1635 1954 πρὸ
1672 1864 2020 1951 δωμάτων.
2231 1883 2339 1936 820

548 1958 604 2035 οἷ
627 1962 850 2036 πότνι’
882 1963 1120 2051 αἰδώς,
1155 1962 1361 2050 τήνδε
1390 1973 1545 2036 τίνα
1573 1964 1835 2036 λεύσσω
1865 1969 2025 2037 ποτὲ

551 2084 875 2155 γυναῖκα,
905 2064 1180 2157 μορφὴν
1209 2062 1513 2157 εὐπρεπῆ
1540 2071 1985 2156 κεκτημένην;

546 2166 628 2239 οὐ
661 2168 898 2255 θαῦμά
923 2165 992 2237 σ’
1024 2163 1196 2257 ἡμᾶς
1228 2162 1537 2257 ἀγνοεῖν,
1568 2166 1669 2252 οἷς
1696 2167 1785 2257 μὴ
1816 2170 2025 2259 πάρος

547 2278 908 2359 προσῆκες·
943 2276 1112 2339 αἰνῶ
1144 2266 1212 2336 δ’
1241 2262 1345 2340 ὅτι
1371 2274 1588 2358 σέβεις
1613 2270 1687 2343 τό
1718 2288 2115 2360 σωφρονεῖν.

546 2379 644 2451 τίς
671 2375 714 2438 δ
720 2366 737 2393 ’
773 2370 866 2454 εἷς
895 2379 968 2439 τί
990 2367 1058 2440 δ’
1089 2361 1299 2459 ἦλθες
1324 2378 1693 2443 Δαναϊδῶν
1723 2378 1817 2451 εἰς
1842 2370 2193 2462 σύλλογον,
2221 2390 2332 2445 825

549 2470 724 2561 γυνὴ
753 2470 920 2561 πρὸς
947 2469 1200 2561 ἄνδρας
1227 2471 1504 2544 ἀσπίσιν
1530 2478 2080 2567 πεφραγμένους;

541 2572 769 2665 Λήδας
795 2577 921 2661 μέν
949 2581 1081 2662 εἰμι
1107 2590 1293 2660 παῖς,
1322 2578 1882 2667 Κλυταιμνήστρα
1910 2578 1991 2647 δέ
2012 2606 2125 2667 μοι

549 2674 796 2765 ὄνομα,
830 2676 1022 2759 πόσις
1051 2680 1132 2747 δέ
1157 2673 1443 2765 μούστὶν
1476 2676 1907 2767 Ἀγαμέμνων
1936 2673 2121 2764 ἅναξ.

542 2786 761 2860 καλῶς
787 2782 1008 2861 ἔλεξας
1035 2782 1108 2847 ἐν
1134 2786 1373 2868 βραχεῖ
1394 2778 1475 2849 τὰ
1502 2789 1748 2869 καίρια.

547 2878 827 2969 αἰσχρὸν
855 2885 936 2949 δέ
957 2907 1070 2968 μοι
1096 2884 1363 2967 γυναιξὶ
1389 2884 1801 2971 συμβάλλειν
1828 2882 2095 2969 λόγους.
2224 2903 2334 2957 830

542 2998 809 3071 μεῖνον·
839 2988 912 3050 τί
937 2980 1246 3069 φεύγεις;
1277 2984 1503 3066 δεξιάν
1531 2981 1592 3053 τ’
1625 2988 1747 3073 ἐμῇ
1773 2986 1919 3074 χερὶ

547 3084 888 3172 σύναψον,
921 3078 1136 3172 ἀρχὴν
1161 3094 1512 3177 μακαρίων
1536 3085 2063 3175 νυμφευμάτων.

543 3194 614 3254 τί
635 3184 804 3275 φής;
835 3184 970 3273 ἐγώ
996 3208 1104 3255 σοι
1131 3185 1395 3271 δεξιάν,
1425 3184 1770 3276 αἰδοίμεθ’
1805 3183 1891 3257 ἂν

540 3283 1005 3378 Ἀγαμέμνον’,
1039 3294 1104 3358 εί
1123 3287 1462 3378 ψαύοιμεν
1491 3282 1589 3359 ὧν
1616 3290 1707 3380 μή
1736 3318 1849 3378 μοι
1876 3294 2092 3379 θέμις.

541 3392 736 3475 θέμις
767 3388 1046 3477 μάλιστα
1064 3444 1082 3479 ,
1114 3388 1240 3479 τὴν
1269 3391 1437 3480 ἐμὴν
1464 3394 1608 3461 ἐπεὶ
1634 3407 1867 3479 γαμεῖς
1989 3468 2004 3478 ,
2222 3408 2327 3462 835

545 3485 758 3576 παῖδ’,
792 3481 846 3560 ὦ
872 3499 1038 3573 θεᾶς
1064 3509 1190 3562 παῖ
1209 3500 1481 3574 ποντίας
1508 3499 1874 3583 Νηρηίδος.
