2534 3917
239 169 364 235 178

1059 167 1355 226 ΚΤΚΔΩ,
1370 169 1440 226 Ψ

469 339 675 430 πάρες
701 336 778 408 τὸ
807 338 1069 426 μάργον
1095 341 1216 425 σῆς
1244 336 1547 426 γνάθου,
1577 335 1653 405 τὸ
1682 333 1749 404 δ’
1786 332 2058 425 εὐσεβὲς
2157 355 2264 408 310

469 448 582 529 τῆς
612 447 1008 527 δυσσεβείας
1035 436 1366 509 ἀνθελοῦ·
1410 447 1713 509 πολλοῖσι
1740 437 1868 527 γὰρ

471 546 675 633 κέρδη
706 540 968 631 πονηρὰ
996 549 1234 630 ζημίαν
1260 535 1608 629 ἠμείψατο.

240 653 418 717 ΣΕΙ.
473 647 867 735 παραινέσαι
896 664 1002 714 σοι
1030 644 1389 731 βούλομαι·
1420 649 1557 713 τῶν
1580 648 1709 732 γὰρ
1734 649 1957 732 κρεῶν

242 959 309 1022 Κ
313 962 384 1022 Τ.

468 746 681 835 μηδὲν
709 753 908 835 λίπῃς
935 743 1129 816 τοῦδ’
1152 769 1166 782 ·
1205 741 1295 833 ἢν
1322 745 1398 815 δὲ
1423 744 1549 833 τὴν
1575 752 1889 834 γλῶσσαν
1917 743 2146 834 δάκῃς,

471 847 728 938 κομψὸς
754 847 1023 936 γενήσει
1051 851 1165 917 καὶ
1193 855 1612 934 λαλίστατος,
1640 847 1966 925 Κύκλωψ.
2149 865 2256 918 315

469 949 504 1021 ὁ
531 959 852 1037 πλοῦτος,
883 947 1354 1042 ἄνθρωπίσκε,
1382 965 1520 1032 τοῖς
1547 965 1782 1038 σοφοῖς
1809 948 1972 1028 θεός
1989 971 2002 984 ·

473 1052 554 1123 τὰ
581 1050 646 1123 δ’
681 1049 850 1122 ἄλλα
877 1052 1124 1141 κόμποι
1150 1055 1264 1123 καὶ
1293 1052 1516 1142 λόγων
1542 1047 1932 1141 εὐμορφίαι.

470 1154 677 1246 ἄκρας
706 1152 772 1224 δ’
806 1159 1071 1236 ἐναλίας
1098 1152 1175 1238 ἃς
1207 1160 1617 1242 καθίδρυται
1647 1157 1865 1243 πατὴρ

469 1266 730 1350 χαίρειν
759 1257 1048 1329 κελεύω·
1085 1266 1158 1328 τί
1178 1257 1337 1341 τάδε
1364 1255 1763 1348 προυστήσω
1792 1254 2008 1346 λόγως

469 1360 686 1449 Ζηνὸς
715 1358 783 1429 δ’
815 1359 946 1448 ἐγώ
976 1359 1317 1450 κεραυνὸν
1345 1355 1430 1428 οὐ
1458 1366 1746 1450 φρίσσω,
1776 1359 1941 1444 ξένε,
2148 1375 2256 1427 320

473 1461 625 1533 οὐδ’
659 1459 790 1532 οἶδ’
824 1457 864 1530 ὅ
891 1489 953 1531 τι
981 1462 1153 1542 Ζεύς
1181 1457 1319 1532 ἐστ’
1354 1464 1518 1550 ἐμοῦ
1546 1467 1881 1551 κρείσσων
1910 1458 2091 1539 θεός.
2166 1475 2173 1482 ·

473 1560 560 1633 οὔ
586 1591 700 1654 μοι
729 1568 914 1651 μέλει
941 1562 1017 1632 τὸ
1044 1562 1317 1632 λοιπόν·
1348 1559 1439 1643 ὥς
1466 1559 1531 1632 δ’
1565 1558 1652 1631 ού
1679 1589 1793 1649 μοι
1821 1562 2007 1649 μέλει

469 1663 786 1737 ἄκουσον.
815 1662 979 1735 ὅταν
1007 1661 1286 1734 α”νωθεν
1311 1661 1570 1753 ὄμβρον
1599 1665 1813 1752 ἐκχέῃ,

470 1772 544 1838 ἐν
568 1773 731 1859 τῇδε
758 1771 966 1858 πέτρᾳ
995 1763 1217 1856 στέγν’
1252 1774 1379 1854 ἔχω
1408 1765 1829 1855 σκηνώματα,

468 1867 513 1959 ἢ
538 1871 786 1960 μόσχον
812 1866 1021 1940 ὀπτὸν
1048 1867 1092 1958 ἤ
1120 1897 1183 1940 τι
1211 1869 1497 1958 θήρειον
1524 1869 1727 1947 δάκος
2148 1869 2277 1937 325’

472 1973 910 2060 δαινύμενος,
943 1963 1024 2042 εὖ
1049 1975 1309 2060 τέγγων
1334 1999 1407 2041 τε
1433 1967 1701 2061 γαστέρ’
1735 1966 2003 2056 ὑπτίαν,

469 2074 807 2146 ἐπεκπιῶν
835 2074 1161 2162 γάλακτος
1189 2071 1529 2164 ἀμφορέα,
1561 2078 1818 2144 πέπλον

467 2177 694 2268 κρούω
715 2229 734 2263 ,
765 2175 933 2256 Διὸς
963 2184 1356 2264 βρονταῖσιν
1386 2181 1481 2255 εἰς
1510 2183 1657 2265 ἔριν
1684 2181 1980 2244 κτυπῶν.

469 2275 632 2348 ὅταν
660 2278 736 2347 δὲ
761 2284 1009 2367 βορρᾶς
1035 2276 1226 2364 χιόνα
1255 2277 1547 2366 Θρῄκιος
1572 2280 1711 2366 χέῃ,
2152 2334 2156 2338 .

471 2385 734 2469 δοραϊσι
766 2385 1007 2467 θηρῶν
1033 2385 1223 2467 σῶμα
1249 2377 1637 2468 περιβαλὼν
1665 2378 1829 2466 ἐμὸν
2143 2395 2251 2449 330

467 2482 581 2550 καὶ
609 2489 748 2570 πῦρ
779 2478 1118 2567 ἀναίθων,
1148 2477 1607 2567 χιόνοςούδέν
1632 2509 1745 2569 μοι
1772 2484 1977 2570 μέλει.

469 2581 512 2671 ἡ
542 2590 626 2671 γῆ
658 2581 723 2653 δ’
760 2580 1052 2674 ἀνάγκη,
1081 2578 1210 2653 κᾶν
1236 2587 1409 2674 θέλῃ
1436 2579 1568 2653 κᾶν
1593 2583 1683 2672 μὴ
1712 2586 1905 2673 θέλῃ,

467 2693 782 2756 τίκτουσα
811 2693 1012 2757 ποίαν
1040 2683 1212 2774 τάμὰ
1241 2694 1495 2757 πιαίνει
1524 2687 1707 2774 βοτά.

467 2785 606 2875 ἁγὼ
636 2785 855 2858 οὔτινι
887 2788 1041 2857 θύω
1074 2787 1250 2875 πλὴν
1280 2792 1459 2876 ἐμοί,
1489 2799 1712 2857 θεοῖσι
1741 2785 1807 2857 δ’
1840 2784 1945 2875 οὔ,

466 2893 580 2957 καὶ
605 2898 686 2979 τῇ
715 2897 992 2979 μεγίστῃ
1019 2890 1256 2980 γαστρὶ
1284 2896 1445 2980 τῇδε
1475 2890 1821 2978 δαιμόνων
1838 2913 1853 2928 ·
2058 2942 2063 2948 -
2144 2905 2246 2957 335

467 2987 556 3071 ὥς
581 2988 933 3077 τούμπιεῐν
959 3018 1036 3078 γε
1063 2992 1178 3060 καὶ
1204 3007 1454 3079 φαγεῖν
1482 2988 1687 3081 τούφ’
1728 2989 2004 3082 ἡμέραν,

464 3090 634 3171 Ζεὺς
663 3083 858 3174 οὗτος
887 3089 1309 3182 ἀνθρώποισι
1337 3108 1509 3163 τοῖσι
1536 3093 1861 3184 σώφροσι,

467 3202 710 3263 λυπεῖν
738 3194 814 3263 δὲ
839 3193 1052 3282 μηδὲν
1081 3190 1295 3265 αὐτόν
1312 3218 1327 3233 ·
1360 3204 1429 3266 οἳ
1454 3195 1531 3264 δὲ
1558 3194 1716 3276 τοὺς
1742 3197 1995 3285 νόμους

466 3303 704 3366 ἔθεντο
733 3304 1190 3378 ποικίλλοντες
1216 3294 1607 3388 ἀνθρώπων
1633 3307 1809 3387 βίον,

462 3405 723 3468 κλαίειν
751 3396 983 3487 ἄνωγα
1001 3422 1016 3437 ·
1047 3399 1172 3488 τὴν
1200 3397 1268 3469 δ’
1300 3399 1468 3488 ἐμὴν
1492 3400 1722 3489 ψυχὴν
1750 3398 1879 3488 ἐγώ
2140 3415 2249 3468 3-ιο

463 3494 547 3569 οὗ
576 3500 912 3589 παύσομαι
942 3507 1128 3592 δρῶν
1162 3493 1242 3570 εὖ
1268 3512 1651 3572 κατεσθίων
1676 3530 1748 3572 τε
1775 3529 1869 3572 οε.
