2534 3917
370 169 497 233 434
548 190 555 196 ·
1114 170 1579 229 ΦΟΙΝΙΣΣΑΙ

372 448 568 511 ΑΓΓ.
602 438 823 511 ἑστᾶσ’
860 437 1267 530 ἄθραυστοι,
1300 438 1470 510 κούκ
1498 437 1917 530 ἀνήρπασται
1943 441 2156 524 πόλις.
2482 533 2483 536 ¹

372 552 493 614 10.
598 534 820 630 ἦλθον
848 541 925 611 δὲ
951 542 1118 632 πρὸς
1144 548 1475 612 κίνδυνον
1494 538 1804 632 Ἀργείου
1831 543 2061 634 δορός;
2267 565 2404 619 1080

373 650 568 714 ΑΓΓ.
600 641 819 732 ἀκμήν
847 640 907 733 γ’
942 641 1047 714 ἐπ’
1080 641 1330 732 αὐτήν·
1363 641 1510 713 ἀλλ’
1544 641 1582 713 ὁ
1610 648 1975 733 Καδμείων
1994 642 2212 735 Ἀρης

604 753 937 834 κρείσσων
962 747 1241 834 κατέστη
1269 752 1392 815 τοῦ
1421 752 1834 833 Μυκηναίου
1863 746 2080 835 δορός.

374 857 494 919 ΙΟ.
603 843 681 917 ἓν
709 846 852 917 εἰπὲ
877 846 1045 938 πρὸς
1069 854 1294 934 θεων,
1331 858 1401 917 εἴ
1419 875 1484 916 τι
1507 853 1973 928 Πολυνείκους
1999 852 2156 938 πέρι

608 945 818 1035 οἷσθ’,
850 945 939 1030 ὥς
962 951 1147 1037 μέλει
1176 977 1292 1037 μοι
1321 951 1435 1019 καὶ
1459 945 1628 1036 τόδ’,
1659 955 1727 1017 εἰ
1749 948 2014 1019 λεύσσει
2044 950 2243 1038 φάος.

373 1059 567 1122 ΑΓΓ.
600 1057 675 1141 ζῇ
701 1071 808 1121 σοι
833 1053 1119 1142 ξυνωρὶς
1147 1057 1241 1132 είς
1271 1048 1413 1128 τόδ’
1443 1047 1692 1141 ἡμέρας
1718 1053 1993 1120 τέκνων.
2259 1069 2388 1124 1085
2482 1115 2483 1146 ἶ

375 1162 495 1223 ΙΟ.
604 1149 1092 1241 εὐδαιμονοίης.
1129 1159 1272 1234 πῶς
1296 1151 1424 1241 γὰρ
1453 1149 1776 1240 Ἀργείον
1803 1152 1973 1242 δόρυ

607 1260 843 1325 πυλῶν
870 1251 1335 1343 ἀπεστήσασθε
1362 1252 1942 1344 πυργηρούμενοι,
1923 1286 1940 1300 ·

607 1358 830 1444 λέξον,
861 1359 1143 1447 γέροντα
1167 1355 1431 1445 τυφλὸν
1457 1353 1547 1438 ὥς
1573 1353 1740 1426 κατὰ
1763 1359 1999 1444 στέγας
2083 1417 2092 1421 ,

603 1464 905 1529 ἐλθοῦσα
930 1460 1185 1548 τέρψω,
1216 1464 1419 1546 τῆσδε
1443 1465 1565 1547 γῆς
1591 1460 2030 1564 σεσωσμένης.

366 1566 569 1630 ΑΓΓ.
601 1562 747 1629 ἐπεὶ
772 1563 1105 1648 Κρέοντος
1131 1573 1286 1640 παῖς
1314 1557 1351 1629 ὁ
1379 1567 1502 1648 γῆς
1526 1557 1940 1649 ὑπερθανών
2251 1579 2387 1634 1090

376 349 493 411 [Ο.
597 346 669 408 τί
692 337 785 424 δ’,
814 339 1229 426 ἑπτάπυργοι
1256 346 1398 418 πῶς
1427 346 1652 427 ἔχουσι
1681 347 2041 427 περιβολαί
2051 373 2069 423 ;
2467 273 2484 532 Ἰ

2471 585 2484 898 1

609 1659 891 1751 πύργων
918 1656 1024 1728 ἐπ’
1058 1688 1290 1749 ακρων
1317 1659 1474 1742 στὰς
1500 1662 1908 1750 μελάνδετον
1935 1664 2129 1751 ξίφος

604 1768 862 1852 λαιμων
888 1767 1079 1850 διῆκε
1106 1769 1266 1853 τῇδε
1293 1770 1380 1853 γῇ
1409 1764 1762 1855 σωτήριον,

608 1865 849 1953 λόχους
876 1872 1140 1952 ἔνειμεν
1165 1862 1329 1934 ἑπτὰ
1354 1866 1468 1935 καὶ
1495 1868 1849 1954 λοχαγέτας

605 1966 820 2047 πύλας
846 1964 959 2055 ἐφ’
998 1966 1193 2054 ἑπτά,
1224 1967 1531 2055 φύλακας
1550 1964 1856 2058 Ἀργείου
1884 1968 2099 2057 δορός,

604 2067 722 2150 σὸς
750 2083 906 2148 παῖς
924 2121 943 2155 ,
974 2071 1304 2158 ἐφέδρους
1331 2066 1411 2152 θ’
1451 2069 1732 2152 ἱππότας
1755 2071 1880 2159 μὲν
1910 2071 2220 2152 ἱππόταις
2252 2087 2382 2142 1095

606 2167 805 2257 ἔταξ’,
836 2165 1107 2251 ὁπλίτας
1136 2167 1202 2238 δ’
1248 2168 1737 2261 ἀσπιδηφόροις
1767 2178 1896 2259 ἔπι,
2482 2241 2483 2244 ,

606 2268 696 2352 ὥς
721 2277 813 2364 τῷ
842 2279 1157 2342 νοσοῦντι
1185 2275 1458 2360 τειχέων
1486 2283 1588 2360 εἴη
1619 2271 1821 2362 δορὸς
2113 2305 2122 2310 ·
2481 2245 2484 2466 Ι

604 2370 771 2460 ἀλκὴ
802 2370 896 2441 δι’
930 2370 1185 2461 ὀλίγον.
1214 2373 1576 2465 περγάμων
1603 2372 1669 2444 δ’
1701 2372 1818 2444 ἀπ’
1851 2373 2117 2464 ὀρθίων

604 2472 972 2542 λεύκασπιν
1000 2480 1368 2564 εἰσορῶμεν
1389 2473 1711 2568 Ἀργείων
1733 2473 2020 2567 στρατὸν

608 2573 957 2663 Τευμησὸν
991 2575 1379 2646 ἐκλιπόντα·
1410 2581 1524 2648 καὶ
1548 2579 1812 2668 τάφρου
1840 2580 2043 2660 πέλας
2254 2597 2384 2650 1100

602 2676 830 2770 δρόμῳ
855 2685 1160 2766 συνῆψεν
1186 2677 1356 2750 ἄστυ
1386 2686 1729 2768 Καδμείας
1753 2679 2018 2768 χθονός.

585 2778 811 2865 ,παιὰν
839 2781 914 2850 δὲ
941 2783 1056 2850 καὶ
1080 2780 1440 2871 σάλπιγγες
1466 2782 1830 2852 ἐκελάδουν
1857 2778 2028 2870 ὁμοῦ

604 2885 871 2951 ἐκεῖθεν
900 2889 975 2952 ἔκ
1002 2911 1075 2952 τε
1099 2886 1374 2972 τειχέων
1397 2880 1591 2973 ἡμῶν
1616 2883 1816 2973 πάρα.

601 2983 715 3051 καὶ
744 2991 972 3071 πρῶτα
999 2985 1125 3072 μὲν
1150 2992 1448 3077 προσῆγε
1471 2992 1800 3074 Νηίσταις
1826 2984 2065 3065 πύλαις

601 3081 800 3170 λόχον
828 3099 1193 3155 πυκναῖσιν
1218 3084 1494 3159 ἀσπίσιν
1520 3087 1895 3181 πεφρικότα
2248 3105 2378 3158 1105

600 3182 637 3256 ὁ
671 3190 786 3275 τῆς
811 3193 1115 3275 κυναγοῦ
1143 3195 1665 3279 Παρθενοπαῖος
1705 3197 1998 3278 ἔκγονος,

603 3283 1076 3384 ἐπίσημ’,ἔχων
1102 3295 1354 3361 οἰκεῖον
1381 3294 1456 3362 ἐν
1480 3294 1659 3386 μέσῳ
1691 3291 1902 3380 σάκει,

604 3391 947 3479 ἑκηβόλοις
970 3391 1259 3475 τόξοισιν
1286 3389 1688 3482 Ἀταλάντην
1714 3392 1976 3482 κάπρον

601 3493 1045 3578 χειρουμένην
1071 3491 1399 3563 Αἰτωλόν.
1431 3500 1527 3574 εἰς
1553 3494 1630 3563 δὲ
1652 3499 2015 3583 Προιτίδας
2343 3498 2393 3869 ’ἱ
