2534 3917
1052 151 1484 210 ΤΡΩΙΑΔΕΣ
2114 155 2237 220 375

456 315 622 408 ἀτὰρ
654 316 898 405 σχεδὸν
924 316 1048 405 μὲν
1080 317 1232 386 οἶδά
1264 342 1369 386 σοι
1398 325 1842 411 στυγουμένη,

452 417 630 509 ὅμως
661 418 727 489 δ’
766 421 1039 508 ἐρέσθαι
1069 418 1398 507 βούλομαι
1420 444 1434 457 ·
1467 429 1727 510 γνῶμαι
1755 433 1933 506 τίνες

437 519 708 610 Ἕλλησι
742 525 855 591 καὶ
890 525 995 591 σοὶ
1022 529 1137 610 τῆς
1164 526 1322 610 ἐμῆς
1348 531 1566 612 ψυχῆς
1594 527 1781 614 πέρι;
2133 548 2234 596 *31:141

210 636 377 697 ME.
448 623 574 695 οὐκ
606 632 699 705 είς
726 623 997 714 ἀκριβὲς
1022 615 1263 712 ἦλθες,
1297 622 1465 694 ἀλλὰ
1499 634 1624 706 πᾶς
1653 628 1929 719 στρατὸς

457 744 729 796 κτανεῖν
757 731 912 815 ἐμοί
933 724 998 794 σ’
1030 732 1318 815 ἔδωκεν,
1352 724 1561 820 ὅνπερ
1595 725 1865 815 ἠδίκεις.

207 840 358 900 ΕΛ.
450 834 702 912 ἔξεστιν
731 821 859 899 οὖν
892 828 1059 918 πρὸς
1087 827 1277 899 ταῦτ’
1317 828 1731 918 ἀμείψασθαι
1765 832 1957 924 λόγῳ,

454 929 543 1013 ῶς
575 930 657 1002 οὐ
688 938 995 1018 δικαίως,
1027 927 1114 1020 ἦν
1140 933 1367 1020 θάνω,
1397 933 1839 1022 θανούμεθα,

208 1044 379 1105 ΜΕ.
452 1033 577 1106 οὐκ
608 1042 703 1116 είς
737 1035 979 1124 λόγους
1008 1033 1316 1124 ἐλήλυθ’,
1350 1032 1517 1105 ἄλλά
1543 1059 1618 1106 σε
1647 1045 1921 1107 κτενῶν.
2133 1056 2230 1108 *ζωῇ

209 1147 362 1208 ΕΚ.
451 1135 744 1209 ἄκουσον
770 1135 1010 1225 αὐτῆς,
1041 1137 1130 1226 μὴ
1160 1137 1344 1227 θάνῃ
1375 1137 1563 1208 τοῦδ’
1596 1139 1848 1227 ἐνδεής,

450 1243 795 1327 Μενέλαε,
832 1242 945 1311 καὶ
977 1238 1092 1322 δὸς
1120 1239 1278 1321 τούς
1312 1243 1658 1321 ἐναντίους
1687 1241 1925 1328 λόγους

450 1341 613 1433 ἡμῖν
641 1341 786 1411 κατ’
821 1339 1058 1429 αὐτῆς·
1095 1351 1232 1412 τῶν
1257 1342 1386 1433 γὰρ
1417 1348 1490 1413 έν
1525 1353 1732 1435 Τροίᾳ
1759 1352 1985 1413 κακιιῑιῖιΓ

451 1443 657 1514 οὐδὲν
689 1445 1037 1515 κάτοισθα.
1071 1448 1425 1528 συντεθεὶς
1458 1444 1522 1514 δ’
1557 1442 1594 1515 ὁ
1625 1454 1750 1527 πᾶς
1777 1447 1969 1536 λόγοςἻ

450 1563 675 1617 κτενεῖ
697 1577 810 1618 νιν
837 1539 1049 1630 οὕτως
1080 1545 1247 1618 ῶστε
1276 1555 1593 1638 μηδαμῶς
1616 1566 1882 1637 φυγεῖν.
2129 1568 2230 1616 ⁴:311*

217 1657 378 1719 ME.
450 1658 687 1738 σχολῆς
714 1650 789 1721 τὸ
821 1657 1045 1736 δῶρον
1063 1674 1077 1688 ·
1117 1657 1180 1719 εἰ
1203 1653 1280 1720 δὲ
1307 1650 1620 1740 βούλεται
1649 1655 1893 1740 λέγειν,

449 1758 677 1835 ἔξεστι.
715 1761 851 1822 τῶν
878 1759 1017 1823 σῶν
1046 1751 1110 1821 δ’
1173 1751 1398 1841 εἵνεχ’,
1432 1750 1518 1835 ῶς
1547 1754 1765 1841 μάθῃ,
1793 1753 2009 1841 λόγωιΙ

448 1855 643 1925 δώσω
678 1853 821 1925 τόδ’
854 1852 1060 1944 αὐτῇ,
1088 1860 1289 1942 τῆσδε
1316 1853 1382 1925 δ’
1419 1854 1501 1926 οὐ
1532 1855 1728 1924 δώσω
1753 1856 1965 1946 χάριν.

216 1965 358 2026 ΕΛ.
447 1970 605 2041 ἴσως
634 1985 749 2048 με,
781 1953 910 2026 κᾶν
941 1948 1022 2026 εὖ
1049 1951 1178 2026 κᾶν
1204 1966 1427 2038 κακῶς
1454 1958 1625 2040 δόξω
1657 1961 1897 2045 λέγειν,

449 2059 575 2131 οὐκ
605 2059 997 2148 ἄνταμείψει
1026 2065 1354 2146 πολεμίαν
1382 2057 1772 2148 ἡγούμενος.
2129 2080 2230 2128 ’ἐπῇ

451 2163 580 2251 ἐγώ
612 2162 703 2251 δ’,
735 2160 779 2232 ἅ
808 2161 872 2232 σ’
906 2162 1087 2250 οἶμαι
1117 2161 1229 2231 διὰ
1258 2163 1480 2251 λόγων
1510 2159 1676 2232 ἰόντ’
1710 2165 1872 2249 ἐμοῦ

451 2265 971 2356 κατηγορήσειν,
1002 2261 1334 2334 άντιθεῖσ’
1369 2264 1731 2354 ἀμείψομαι

454 2386 593 2450 τοῖς
620 2384 794 2439 σοῖσι
829 2364 1002 2455 τάμα
1031 2370 1145 2437 καὶ
1170 2367 1251 2438 τὰ
1280 2365 1345 2436 σ’
1379 2368 1748 2456 αἰτιάματα.

449 2480 716 2561 πρῶτον
743 2472 867 2559 μὲν
898 2466 1102 2560 ἀρχὰς
1130 2477 1356 2539 ἔτεκεν
1382 2469 1504 2560 ἥδε
1535 2477 1671 2540 τῶν
1699 2471 1925 2538 κακῶν

450 2575 675 2666 Πάριν
704 2580 1019 2642 τεκοῦσα·
1055 2572 1378 2662 δεύτερον
1414 2571 1480 2642 δ’
1520 2571 1821 2641 ἀπώλεσε
2129 2588 2230 2640 [121]

460 2685 710 2767 Τροιάν
736 2704 807 2746 τε
834 2671 993 2761 κάμ’
1027 2671 1063 2743 ὃ
1092 2678 1389 2763 πρέσβυς
1418 2672 1500 2745 οὐ
1529 2673 1793 2743 κτανῶν
1821 2680 2089 2761 βρέᾳιμμ,

451 2784 663 2849 δαλοῦ
693 2777 939 2867 πικρὸν
966 2774 1232 2865 μίμημ’,
1258 2775 1692 2866 Ἀλέξανδρόν
1722 2800 1897 2844 ποτε.

453 2884 737 2952 ἐνθένδε
765 2877 1104 2951 τάπίλοιπ’
1139 2877 1433 2950 ἄκουσον
1461 2876 1548 2960 ῶς
1577 2886 1729 2966 ἔχει.

363 3008 367 3013 ·
453 2989 677 3071 ἔκρινε
706 2981 977 3075 τρισσὸν
1004 2990 1231 3072 ζεῦγος
1260 2981 1377 3053 ὅδε
1403 2989 1612 3064 τριῶν
1639 2988 1854 3050 θεῶν·

451 3088 566 3154 καὶ
590 3086 946 3166 Παλλάδος
971 3087 1096 3173 μὲν
1119 3079 1205 3174 ἦν
1227 3083 1638 3175 Ἀλεξάνδρῳ
1668 3082 1854 3160 δόσις
2129 3100 2226 3148 ΜΞ]

456 3191 672 3276 Φρυξὶ
701 3186 1195 3277 στρατηγοῦνθ’
1222 3184 1482 3257 Ἑλλάδ’
1515 3184 1953 3267 ἐξανιστάναι,

435 3285 613 3380 ἽΙρα
644 3287 715 3356 δ’
748 3286 1053 3377 ὑπέσχετ’
1083 3287 1333 3358 Ἀσιάδ’
1366 3286 1702 3379 Εὐρώπης
1729 3283 1805 3354 θ’
1837 3279 2037 3368 ὅρου,-

463 3390 840 3481 [τυραννίδ’
877 3388 1082 3477 ἕξειν,
1110 3389 1182 3460 ἐἴ
1202 3414 1334 3480 σφε
1361 3399 1658 3481 κρίνειεν
1684 3389 1921 3476 Πάρις]
1945 3416 1953 3420 ·

463 3494 727 3581 Κύπρις
757 3496 832 3563 δὲ
866 3492 1119 3581 τούμὸν
1150 3493 1323 3574 εἶδος
1351 3495 1852 3580 ἐκπαγλουμένη
