2534 3917
220 268 225 276 β
345 181 480 246 258

353 362 494 422 xo.

1169 182 1555 242 ΟΡΕΣΤΗΣ

577 358 740 429 αἰαῖ,
2073 371 2213 436 στρ.

584 453 912 543 δρομάδες
942 443 996 520 ὦ
1022 450 1430 542 πτεροφόροι

583 555 937 635 ποτνιάδες
971 559 1150 639 θεαί,

586 654 1002 745 ἀβάκχευτον
1031 663 1107 724 αἳ
1132 662 1386 724 θίασον
1426 653 1675 739 ἐλάχετ’
1715 652 1789 719 ἐν

586 760 873 847 δάκρυσι
902 759 1016 827 καὶ
1042 756 1245 845 γόοις,
2269 775 2373 829 320

582 861 1043 948 μελάγχρωτες
1069 855 1480 947 Εὐμενίδες,
1514 861 1652 926 αἵτε
1680 858 1800 925 τὸν

581 960 833 1030 ταναὸν
860 957 1088 1051 αἰθέρ’
1124 956 1573 1049 ἀμπάλλεσθ’,
1604 966 1874 1047 αἵματος

581 1063 932 1151 τινύμεναι
961 1068 1193 1149 δίκαν,
1223 1062 1574 1149 τινύμεναι
1603 1062 1842 1149 φόνον,

580 1164 1104 1253 καθικετεύομαι
1135 1162 1683 1251 καθικετεύομαι,

581 1267 700 1337 τὸν
724 1266 1216 1356 Ἀγαμέμνονος
2264 1285 2367 1339 325

581 1370 787 1457 γόνον
815 1366 1038 1437 ἐάσατ’
1072 1370 1487 1437 ἐκλαθέσθαι
1519 1367 1768 1448 λύσσας

580 1470 902 1556 μανιάδος
932 1471 1313 1556 φοιταλέου.
1370 1475 1505 1552 φεῦ
1528 1469 1825 1555 μόχθων,

582 1576 778 1658 οἴων,
809 1561 864 1638 ὦ
891 1570 1120 1656 τάλας,
1153 1566 1460 1660 ὀρεχθεὶς
1488 1577 1724 1661 ἔρρεις,

581 1678 898 1760 τρίποδος
927 1670 1055 1742 ἄπο
1089 1672 1330 1761 φάτιν,
1360 1669 1446 1742 ἃν
1473 1668 1510 1743 ὃ
1539 1681 1786 1761 Φοῖβος

587 1779 880 1863 [ἔλακεν]
918 1782 1142 1855 ἔλακε,
1177 1781 1534 1864 δεξάμενος
1566 1777 1729 1864 [άνά
1761 1781 2083 1867 δάπεδον]
2262 1794 2365 1848 330

583 1885 694 1949 ἵνα
723 1880 1141 1969 μεσόμφαλοι
1170 1879 1478 1968 λέγονται
1506 1885 1725 1967 μυχοί.

581 1972 635 2050 ὦ
669 1990 827 2070 Ζεῦ,
2059 1975 2203 2049 ἀντ.

580 2092 678 2163 τίς
707 2092 922 2170 ἔλεος,
953 2090 1051 2163 τίς
1079 2079 1162 2151 ὅδ
1174 2079 1190 2105 ’
1226 2079 1414 2170 άγών

577 2185 813 2275 φόνιος
842 2193 1121 2274 ἔρχεται,

577 2287 842 2370 θοάζων
870 2308 945 2355 σε
976 2283 1095 2354 τὸν
1119 2287 1390 2372 μέλεον,
1424 2276 1477 2377 ᾦ
1507 2285 1770 2377 δάκρυα
2256 2302 2360 2356 335

578 2388 866 2478 δάκρυσι
893 2386 1260 2474 συμβάλλει

583 2489 897 2580 πορεύων
926 2518 1025 2571 τις
1055 2497 1149 2569 εἰς
1177 2488 1389 2577 δόμον
1416 2486 1807 2582 ἀλαστόρων

580 2596 861 2684 ματέρος
891 2588 1052 2681 αἷμα
1081 2598 1234 2680 σάς,
1265 2588 1305 2662 ὅ
1331 2588 1394 2661 σ’
1429 2589 1909 2680 άναβακχεύει;

572 2695 1116 2786 κατολοφύρομαι
1145 2694 1707 2784 κατολοφύρομαι.

575 2793 611 2867 ὁ
642 2800 845 2886 μέγας
872 2794 1073 2884 ὄλβος
1100 2792 1182 2865 ού
1210 2795 1487 2885 μόνιμος
1515 2800 1589 2866 ἐν
1615 2804 1878 2885 βροτοῖς
1895 2819 1910 2834 ·
2250 2812 2365 2865 340

576 2894 703 2965 ἀνὰ
731 2899 807 2966 δὲ
834 2906 1073 2985 λαῖφος
1105 2894 1194 2978 ὥς

575 3026 673 3078 τις
701 2996 953 3068 ἀκάτου
980 3005 1153 3079 θοᾶς
1185 2998 1451 3081 τινάξας
1480 3005 1741 3089 δαίμων

577 3103 982 3169 κατέκλυσεν
1009 3106 1258 3169 δεινῶν
1286 3101 1539 3190 πόνων,
1572 3099 1660 3183 ως
1689 3100 1944 3172 πόντου

576 3202 848 3293 λάβροις
881 3198 1301 3294 ὀλεθρίοισιν
1330 3208 1404 3272 ἐν
1434 3204 1744 3292 κύμασιν.

575 3311 728 3372 τίνα
754 3303 880 3393 γὰρ
912 3312 1008 3374 ἔτι
1036 3303 1246 3395 πάρος
1276 3305 1465 3375 οἷκον
1492 3303 1698 3375 ἄλλον
2252 3321 2361 3375 345

577 3408 808 3494 ἕτερον
835 3402 878 3495 ἢ
905 3406 1024 3476 τὸν
1055 3404 1184 3501 άπὸ
1212 3405 1563 3496 θεογόνων
1591 3408 1823 3497 γάμων

948 3526 1052 3581 316
1069 3527 1266 3581 -331
1290 3546 1376 3575 =
1397 3528 1714 3581 332—347
