2534 3917
295 184 412 247 198
1099 186 1453 243 MHAEIA

519 352 607 434 ὡς
634 361 761 436 πᾶς
787 381 885 435 τις
911 351 1122 424 αὑτὸν
1145 361 1266 424 τοῦ
1295 355 1497 434 πέλας
1523 360 1775 441 μᾶλλον
1802 364 2005 442 φιλεῖ,

519 460 582 524 οἳ
608 457 734 543 μὲν
762 462 1068 543 δικαίως,
1099 453 1164 525 οῗ
1189 455 1266 524 δὲ
1292 457 1406 524 καὶ
1430 457 1713 544 κέρδους
1738 455 1955 546 χάριν,

520 565 585 626 εἰ
607 557 850 628 τούσδε
879 556 946 646 γ’
980 555 1179 646 εὐνῆς
1217 557 1429 626 εἵνεκ’
1468 554 1551 626 οὖ
1577 558 1837 646 στέργει
1866 559 2102 647 πατήρ.

237 647 244 652 ’
297 666 420 727 ΤΡ.
511 655 623 745 ἴτ’,
654 651 736 729 εὖ
759 657 888 750 γὰρ
917 667 1132 747 ἔσται,
1163 658 1489 748 δωμάτων
1522 665 1685 746 ἔσω,
1714 661 1931 728 τέκνα.

519 759 606 829 σύ
636 759 704 830 δ’
737 758 826 842 ὥς
850 760 1134 849 μάλιστα
1158 757 1396 831 τούσδ’
1428 759 1771 849 ἐρημώσας
1799 768 1904 848 ἔχε

516 864 629 930 καὶ
657 861 748 951 μὴ
783 866 1017 947 πέλαζε
1040 865 1241 952 μητρὶ
1273 865 1822 952 δυσθυμουμένῃ.

519 959 648 1052 ἤδη
675 963 804 1054 γάρ
834 963 1019 1034 εἶδον
1045 961 1223 1052 ὄμμα
1261 993 1376 1034 νιν
1402 966 1871 1054 ταυρουμένην

516 1062 730 1134 τοῖσδ’
763 1062 852 1147 ὥς
876 1092 942 1134 τι
967 1071 1413 1156 δρασείουσαν
1429 1089 1444 1103 ·
1475 1062 1637 1136 οὐδὲ
1664 1064 1987 1135 παύσεται

515 1165 753 1254 χόλου,
784 1165 953 1256 σάφ’
986 1167 1141 1238 οἶδα
1158 1221 1177 1256 ,
1206 1169 1371 1258 πρὶν
1396 1175 1822 1257 κατασκῆψαί
1842 1194 2011 1236 τινα.

323 1339 326 1342 ,
518 1268 807 1357 ἐχθρούς
833 1297 912 1358 γε
937 1272 1195 1358 μέντοι,
1224 1267 1317 1358 μὴ
1346 1276 1617 1358 φίλους,
1661 1269 1932 1358 δράσειέ
1963 1297 2047 1338 τι.

291 1377 456 1438 ΜΗ.
524 1370 626 1456 cm',

518 1470 847 1552 δύστανος
875 1470 1006 1559 ἐγώ
1032 1475 1234 1559 μελέα
1261 1499 1335 1540 τε
1361 1471 1611 1557 πόνων,

519 1573 601 1642 ἰώ
626 1580 747 1659 μοί
765 1599 911 1659 μοι,
943 1579 1085 1654 πῶς
1111 1567 1198 1642 ἂν
1224 1568 1540 1659 ὄλοίμαν;

298 1680 423 1741 ΤΡ.
517 1671 658 1744 τόδ’
697 1677 913 1743 ἐκεῖνο
931 1726 950 1759 ,
982 1681 1171 1760 φίλοι
1199 1680 1463 1754 παῖδες·
1492 1675 1707 1764 μήτηρ

519 1791 701 1846 κινεῖ
723 1780 1042 1868 κραδίαν,
1071 1792 1253 1846 κινεῖ
1273 1776 1351 1846 δὲ
1375 1775 1596 1864 χόλον.

519 1877 840 1948 σπεύδετε
868 1883 1130 1948 θᾶσσον
1158 1878 1461 1966 δώματος
1496 1888 1675 1965 εἴσω,

519 1981 633 2048 καὶ
661 1977 753 2068 μὴ
780 1977 1098 2067 πελάσητ’
1131 1977 1422 2070 ὄμματος
1450 1979 1670 2069 ἐγγύς,

516 2081 687 2169 μηδὲ
713 2079 1148 2171 προσέλθητ’,
1187 2079 1358 2152 ἀλλὰ
1386 2078 1810 2171 φυλάσσεσθ’

519 2180 758 2273 ἄγριον
782 2173 952 2270 ἦθος
979 2183 1313 2274 στυγεράν
1338 2210 1411 2251 τε
1438 2182 1649 2271 φύσιν

523 2281 775 2372 φρενὸς
800 2282 1171 2364 αὐθάδους.

524 2394 622 2452 ἴτε
652 2393 786 2454 νῦν
808 2381 1088 2473 χωρεῖθ’
1121 2381 1209 2465 ως
1234 2384 1429 2472 τάχος
1456 2396 1634 2455 εἴσω.

527 2490 734 2571 δῆλον
767 2483 834 2553 δ’
867 2483 1069 2575 ἀρχῆς
1099 2487 1527 2576 ἐξαιρόμενον

519 2588 727 2674 νέφος
755 2593 1046 2676 οἰμωγῆς
1073 2584 1163 2669 ὥς
1189 2585 1331 2675 τάχ’
1362 2585 1607 2672 ἀνάψει

519 2694 773 2777 μείζονι
798 2695 1004 2782 θυμῷ
1021 2711 1036 2726 ’
1071 2697 1142 2760 τί
1170 2686 1320 2759 ποτ’
1354 2691 1698 2780 ἐργάσεται

519 2791 1141 2879 μεγαλόσπλαγχνος
1170 2793 1759 2873 δυσκατάπαυστος

519 2890 698 2979 ψυχὴ
735 2898 1058 2980 δηχθεῖσα
1090 2908 1433 2975 κακοτσινς

298 2997 461 3058 ΜΗ.
525 2996 690 3071 αἰαῖ,

520 3099 779 3162 ἔπαθον
805 3094 1071 3181 τλάμων
1096 3101 1355 3163 ἔπαθον
1380 3097 1689 3183 μεγάλων

524 3191 649 3276 ἄξι’
683 3191 1032 3285 ὀδυρμῶν·
1073 3186 1128 3263 οἶ
1154 3196 1510 3286 κατάρατοι

522 3303 754 3376 παῖδες
783 3295 1057 3368 ὄλοισθε
1087 3306 1413 3388 στυγερᾶς
1438 3305 1686 3388 ματρὸς

521 3396 652 3467 σὺν
684 3407 914 3490 πατρί,
945 3401 1059 3468 καὶ
1083 3407 1210 3480 πᾶς
1236 3401 1441 3487 δόμος
1470 3407 1672 3491 ἔρροι.

299 3505 422 3566 ΤΡ.
514 3499 596 3567 ἰώ
628 3508 748 3588 μοί
769 3529 916 3589 μοι,
947 3499 1025 3570 cc&
1056 3502 1342 3588 τλήμων.

2218 1285 2287 1340 95

2184 1895 2289 1948 100

2184 2401 2286 2456 105

2189 2908 2289 2962 110

2189 3512 2289 3564 115
