2534 3917
1107 190 1388 249 ΡΗΣΟΣ
2101 183 2219 246 341

221 378 448 438 Mor.
481 362 606 435 οὐκ
637 362 764 433 εἶσι
791 368 985 451 γαίας
1017 368 1110 443 εἰς
1135 360 1538 449 μελάγχιμον
1567 360 1805 429 πέδον·

453 466 732 537 τοσόνδε
783 464 1066 552 νύμφην
1090 462 1212 549 τὴν
1239 456 1467 549 ἔνερθ’
1502 459 1849 548 αἰτήσομαι

454 576 571 656 τῆς
603 572 1025 657 καρποποιοῦ
1051 570 1258 634 παῖδα
1282 563 1641 651 Δήμητρος
1667 568 1855 647 θεᾶς,

455 668 684 757 ψυχὴν
711 666 970 738 ἆνετναι
1001 663 1190 736 τοῦδ’
1213 687 1228 703 ·
1272 662 1603 754 ὀφειλέτις
1634 666 1715 733 δέ
1736 690 1849 751 μοι
2128 678 2227 731 965

333 804 340 816 ’
461 770 619 851 τοὺς
639 767 936 859 Ὀρφέως
959 774 1214 857 τιμῶσα
1242 774 1610 856 φαίνεσθαι
1641 772 1902 857 φίλους.

457 869 654 960 κάμοὶ
684 872 807 961 μὲν
834 868 924 952 ὡς
952 869 1190 940 θανών
1217 897 1291 939 τε
1317 866 1444 940 κού
1472 868 1777 938 λεύσσων
1806 865 1976 954 φάος

458 981 639 1043 ἔσται
666 972 742 1043 τὸ
771 972 1036 1043 λοιπόν·
1072 968 1154 1041 οὐ
1181 971 1311 1062 γὰρ
1339 976 1404 1053 ές
1431 967 1677 1039 ταύτόν
1705 994 1866 1040 ποτε

459 1074 549 1142 ἔτ’
581 1071 753 1142 εἰσιν
805 1072 968 1143 οὐδὲ
1021 1072 1268 1164 μητρὸς
1299 1069 1533 1154 ὄψεται
1564 1074 1786 1159 δέμας,

457 1174 751 1263 κρυπτὸς
780 1171 845 1245 δ’
880 1178 954 1245 έν
981 1171 1248 1265 ἄντροις
1276 1181 1389 1262 τῆς
1416 1171 1818 1263 ὑπαργύρου
1844 1168 2089 1258 χθονὸς
2128 1184 2231 1241 970

459 1274 1048 1369 ἀνθρωποδαίμων
1074 1283 1363 1345 κείσεται
1392 1277 1659 1363 βλέπων
1686 1274 1875 1363 φάος,

456 1379 723 1466 Βάκχου
751 1378 1094 1469 προφήτης
1122 1374 1292 1447 ὥστε
1316 1384 1671 1465 Παγγαίου
1699 1378 1949 1465 πέτραν

459 1477 678 1573 ᾤκησε
704 1480 944 1568 σεμνὸς
967 1495 1182 1551 τοῖσιν
1203 1480 1474 1549 -εἰδόσιν
1496 1478 1678 1558 θεός.

461 1585 627 1673 ρ’ᾇον
656 1582 732 1652 δὲ
758 1585 1009 1662 πένθος
1042 1589 1158 1669 τῆς
1184 1588 1557 1660 θαλασσίας
1583 1586 1758 1649 θεοῦ

461 1694 655 1751 οἴσω·
688 1694 932 1753 θανεῖν
959 1681 1088 1771 γὰρ
1117 1685 1232 1753 καὶ
1258 1681 1377 1752 τὸν
1408 1685 1480 1750 ἐκ
1509 1689 1735 1770 κείνης
1760 1680 1997 1769 χρεών.
2129 1696 2230 1752 975

459 1785 743 1873 θρήνοις
770 1780 830 1853 δ’
862 1781 1152 1871 ἀδελφαὶ
1177 1790 1407 1874 πρῶτα
1436 1783 1559 1871 μὲν
1586 1780 1651 1851 σ’
1684 1778 2091 1871 ὑμνήσομεν,

461 1882 666 1955 ἔπειτ’
693 1882 960 1972 Ἀχιλλῆ
1017 1887 1288 1965 Θέτιδος
1320 1888 1395 1954 ἐν
1422 1886 1661 1953 πένθει
1688 1886 1865 1957 ποτέ.

431 1982 544 2054 ·οὖ
573 1986 854 2075 ῥύσεταί
877 2014 990 2056 νιν
1013 1986 1318 2075 Παλλάς,
1348 1982 1393 2073 ἦ
1420 1982 1483 2053 σ’
1517 1982 1877 2055 ἀπέκτανε·

459 2102 646 2157 τοῖον
675 2090 973 2179 φαρέτρα
998 2091 1246 2171 Λοξίου
1274 2088 1464 2173 σώζει
1498 2090 1709 2177 βέλος.
2032 2160 2037 2164 ,

458 2178 513 2256 ὦ
544 2192 929 2260 παιδοποιοὶ
952 2198 1331 2280 συμφοραί,
1360 2189 1556 2261 πόνοι
1584 2184 1896 2280 βροτῶν,
2128 2204 2232 2259 980

463 2286 552 2370 ὥς
583 2286 769 2371 ὅστις
797 2288 971 2379 ὑμᾶς
995 2291 1086 2380 μὴ
1115 2299 1337 2374 κακῶς
1365 2297 1710 2380 λογίζεται,

461 2388 659 2473 ἅπαις
689 2398 930 2463 διοίσει
956 2391 1080 2463 κού
1109 2393 1324 2465 τεκὼν
1350 2393 1562 2475 θάψει
1592 2396 1813 2463 τέκνα.

235 2498 371 2559 XO.
454 2482 650 2573 οὗτος
674 2494 799 2581 μὲν
825 2491 956 2583 ἤδη
986 2498 1185 2585 μητρὶ
1211 2496 1531 2583 κηδεύειν
1557 2498 1773 2583 μέλει·

461 2592 548 2662 σὺ
577 2591 643 2663 δ’
677 2606 746 2665 εί
763 2624 826 2665 τι
855 2596 1181 2685 πράσσειν
1205 2604 1344 2667 τῶν
1370 2600 1831 2685 προκειμένων
1857 2602 2099 2689 θέλεις,

438 2690 710 2785 Ἕκτορ,
739 2697 1049 2786 πάρεστι·
1080 2705 1225 2786 φῶς
1252 2696 1382 2788 γὰρ
1402 2694 1657 2787 ,ἡμέρας
1682 2700 1857 2769 τόδε.
2130 2718 2231 2772 985

235 2801 371 2862 ΕΚ.
452 2812 759 2886 χωρεῖτε,
788 2798 1178 2887 συμμάχους
1195 2807 1280 2867 θ’
1304 2796 1693 2883 ὁπλίζεσθαι
1724 2802 1917 2889 τάχος

461 2896 729 2986 ἄνωχθε
770 2907 1076 2988 πληροῦν
1103 2898 1162 2970 τ’
1197 2898 1482 2990 αὐχένας
1511 2904 1926 2992 ξυνωρίδων.

460 2998 719 3081 πανοὺς
746 2998 810 3070 δ’
845 3008 1113 3089 ἔχοντας
1139 3002 1263 3093 χρὴ
1293 3006 1521 3094 μένειν
1556 3012 1975 3095 Τυρσηνικῆς

457 3100 821 3189 σάλπιγγος
847 3099 1064 3191 αὐδήν
1079 3127 1093 3141 ·
1125 3101 1215 3186 ὥς
1240 3102 1645 3194 ὑπερβαλὼν
1669 3111 1929 3195 τάφρον

461 3209 643 3290 τείχη
670 3199 732 3271 τ’
772 3200 1052 3292 Ἀχαιῶν
1079 3209 1325 3277 ναυσὶν
1352 3206 1557 3278 αἶθον
1584 3210 1898 3297 ἐμβαλεῖν
2127 3226 2235 3279 990

459 3305 756 3403 πέποιθα
789 3313 1017 3395 Τρωσί
1037 3304 1114 3375 θ’
1145 3303 1400 3399 ἡμέραν
1427 3312 1797 3399 ἐλευθέραν

461 3406 698 3474 ἀκτῖνα
723 3404 845 3494 τὴν
872 3414 1267 3494 στείχουσαν
1294 3406 1492 3497 ἡλίου
1524 3412 1779 3498 φέρειν.
