2534 3917
985 834 1615 903 ΕΥΡΙΠΙΔΟΥ

792 1014 882 1097 Τ
927 1018 1010 1099 Ρ
1055 1012 1136 1101 Ω
1193 1018 1252 1097 Ι
1301 1016 1395 1099 Α
1451 1012 1526 1097 Δ
1585 1018 1669 1097 Ε
1720 1016 1815 1101 Σ.

301 1360 450 1423 110.
513 1350 699 1424 ‘'me
730 1350 946 1423 λιπών
973 1364 1258 1441 Αἴγαιον
1287 1348 1590 1440 ἁλμυρὸν
1616 1352 1829 1440 βάθος

531 1454 781 1525 πόντου
809 1459 1191 1540 Ποσειδῶν,
1229 1458 1401 1522 ἔνθα
1426 1453 1770 1543 Νηρῄδων
1794 1455 1981 1541 χοροὶ

532 1554 884 1625 κάλλιστον
911 1564 1090 1640 ἴχνος
1117 1556 1568 1636 ἐξελίσσουσιν
1596 1554 1815 1636 ποδός.

413 1728 422 1733 ,
534 1660 598 1739 ἐξ
634 1647 718 1725 οὗ
745 1654 872 1743 γὰρ
906 1652 1080 1743 ἀμφὶ
1109 1660 1312 1743 τήνδε
1348 1654 1655 1747 Τρωικὴν
1678 1656 1901 1743 χθόνα

529 1757 777 1846 Φοῖβός
804 1785 874 1827 τε
903 1753 1085 1845 κάγώ
1114 1763 1387 1838 λαΐνους
1413 1756 1714 1844 πύργους
1740 1759 1926 1847 πέριξ
2269 1774 2305 1828 5

533 1857 844 1950 ὀρθοῖσιν
873 1866 1116 1947 ἔθεμεν
1143 1859 1452 1944 κανόσιν,
1484 1855 1716 1928 οὔποτ’
1748 1862 1821 1927 ἐκ
1858 1864 2134 1947 φρενῶν

535 1957 750 2031 εὔνοι’
791 1958 1038 2050 ἀπέστη
1073 1968 1208 2029 τῶν
1239 1963 1418 2048 ἐμῶν
1444 1966 1741 2049 Φρυγῶν
1769 1958 1981 2044 πόλει,

530 2060 575 2150 ἢ
601 2069 735 2132 νῦν
760 2069 1129 2132 καπνοῦται
1157 2064 1269 2131 καὶ
1296 2059 1462 2151 πρὸς
1485 2058 1788 2149 Ἀργείου
1816 2058 2013 2150 δορὸς

533 2162 746 2233 ὄλωλε
781 2160 1213 2254 πορθηθεῑσ’.
1243 2160 1279 2231 ὁ
1309 2161 1436 2250 γὰρ
1464 2162 1845 2252 Παρνάσιος

531 2264 809 2345 Φωκεὺς
835 2261 1086 2345 Ἐπειὸς
1111 2278 1468 2352 μηχαναῖσι
1501 2262 1845 2343 Παλλάδος
2236 2282 2309 2333 lo

530 2361 844 2453 ἐγκύμον’
880 2370 1085 2434 ἵππον
1118 2366 1408 2451 τευχέων
1442 2364 1865 2456 συναρμόσας

530 2465 810 2554 πύργων
839 2470 1131 2552 ἔπεμψεν
1161 2464 1345 2546 ἐντὸς
1380 2463 1695 2556 ὀλέθριον
1724 2468 1959 2557 βρέτας
1977 2488 1990 2502 ·

533 2564 702 2637 ὅθεν
732 2564 898 2657 πρὸς
927 2564 1198 2659 ἀνδρῶν
1226 2564 1529 2655 ὑστέρων
1554 2568 1941 2655 κεκλήσεται

531 2668 834 2760 δούρειος
871 2672 1102 2758 ἵππος,
1139 2667 1439 2760 κρυπτὸν
1465 2666 1811 2757 ἀμπισχών
1838 2668 2026 2757 δόρυ.

524 2778 734 2860 ἔρημα
770 2768 834 2841 δ’
869 2769 1035 2860 ἄλση
1065 2773 1176 2841 καὶ
1204 2777 1391 2840 θεῶν
1417 2766 1749 2860 ἀνάκτορα
2236 2788 2304 2840 15

526 2873 716 2964 φόνῳ
745 2888 1065 2961 καταρρεῖ
1075 2895 1090 2910 ·
1122 2870 1287 2962 πρὸς
1314 2872 1390 2941 δὲ
1417 2878 1764 2962 κρηπίδων
1796 2872 2080 2961 βάθροις

525 2976 828 3041 πέπτωκε
854 2978 1157 3062 Πρίαμος
1183 2971 1398 3060 Ζηνὸς
1430 2976 1693 3057 ἑρκείου
1721 2978 1981 3043 θανών.

523 3070 730 3149 πολὺς
758 3072 834 3141 δὲ
859 3070 1106 3160 χρυσὸς
1131 3072 1400 3163 Φρύγιά
1434 3100 1504 3141 τε
1533 3074 1957 3163 σκυλεύματα

526 3170 694 3263 πρὸς
721 3178 889 3253 ναῦς
921 3169 1200 3259 Ἀχαιῶν
1227 3176 1580 3262 πέμπεται·
1610 3178 1888 3264 μένουσι
1918 3175 1994 3244 δὲ

521 3274 925 3366 πρύμνηθεν
954 3266 1196 3366 οὖρον,
1229 3271 1318 3356 ὥς
1347 3277 1738 3369 δεκασπόρῳ
1764 3277 1985 3369 χρόνῳ
2232 3293 2303 3346 20

521 3372 802 3462 ἀλόχους
827 3404 899 3447 τε
926 3379 1038 3447 καὶ
1058 3375 1236 3447 τέκν’
1274 3385 1618 3447 εἰσίδωσιν
1649 3375 1948 3465 ἅσμενοι,

522 3482 592 3544 οἳ
610 3473 800 3563 τήνδ’
837 3478 1368 3567 ἐπεστράτευσαν
1390 3476 1704 3563 ’Έλληνες
1732 3478 1950 3546 πόλιν.
