2534 3917
317 150 403 214 34

312 1549 456 1609 XO.

314 1752 440 1813 AX

763 150 1218 211 ΙΦΙΓΕΝΕΙΑ
1261 150 1333 207 Η
1366 150 1483 207 ΕΝ
1520 149 1833 241 ΑΤΛΙΔζ
2452 0 2505 293 Ι

545 317 757 407 ὄνομα
798 316 927 407 γὰρ
966 316 1040 387 τὸ
1085 315 1208 385 σόν
1248 312 1319 403 μ’
1367 311 1684 401 ἀπῶλεσ’,
1734 308 1789 406 ᾦ
1829 312 1894 383 σ’
1938 312 2331 403 ἀμυναθεῖν
2504 294 2507 399 N

1221 416 1457 507 χρεῶν.
2220 436 2331 491 910
2504 412 2506 427 ¹

544 520 669 593 οὐκ
699 529 825 609 ἔχω
856 517 1088 609 βωμὸν
1115 533 1532 606 καταφυγεῖν
1571 515 1779 587 ἄλλον
1804 513 1849 607 ἢ
1875 516 1950 587 τὸ
1978 517 2102 588 σὸν
2128 520 2332 608 γόνυ,

543 621 706 695 οὐδὲ
741 630 938 711 φίλος
966 617 1193 701 οὐδεὶς
1220 626 1391 710 πελᾷ
1416 641 1560 707 μοι·
1605 618 1684 688 τά
1726 616 1793 688 δ’
1833 616 2327 709 Ἀγαμέμνονος

1223 721 1450 800 κλύεις

547 825 690 915 ὠμὰ
733 829 846 896 καὶ
889 820 1212 912 πάντολμ’
1238 846 1252 860 ·
1300 820 1583 911 ἀφῖγμαι
1631 818 1722 910 δ’,
1768 819 1991 913 ῶσπερ
2036 830 2332 916 εἰσορᾷς,

1226 952 1401 1013 γυνη

543 1028 868 1100 ναυτικὸν
924 1022 1283 1117 στράτευμ’
1343 1023 1638 1115 ἄναρχον
1689 1022 1855 1095 κάπὶ
1904 1040 2042 1106 τοῖς
2094 1044 2335 1107 κακοῖς

1224 1127 1477 1218 θρασύ,

547 1234 871 1323 χρήσιμον
899 1228 991 1318 δ’,
1021 1228 1183 1300 ὅταν
1201 1231 1519 1323 θέλωσιν.
1550 1224 1637 1318 ἢν
1650 1228 1726 1299 δὲ
1740 1229 2071 1319 τολμήσῃς
2088 1229 2177 1299 σύ
2190 1256 2331 1317 μου

545 1332 706 1424 χεῖρ’
741 1332 1162 1423 ὑπερτεῖναι,
1193 1328 1573 1419 σεσῶσμεθ’
1595 1354 1609 1368 ·
1656 1337 1719 1400 εί
1744 1332 1819 1400 δὲ
1846 1331 1969 1419 μή,
1998 1327 2081 1400 οὗ
2110 1332 2327 1401 σεσῶ-

1222 1444 1465 1521 σμεθα.
2223 1448 2328 1504 916

540 1536 770 1607 δεινὸν
796 1535 870 1605 τὸ
900 1543 1155 1606 τίκτειν
1181 1537 1295 1605 καὶ
1325 1538 1515 1625 φέρει
1547 1542 1831 1625 φίλτρον
1858 1538 2047 1624 μέγα,

543 1645 749 1708 πᾶσίν
776 1664 847 1707 τε
876 1636 1110 1707 κοινὸν
1148 1632 1317 1706 ὥσθ’
1351 1633 1811 1726 ὑπερκάμνειν
1839 1640 2113 1707 τέκνων.

538 1736 960 1829 ὑψηλόφρων
985 1767 1098 1827 μοι
1124 1737 1347 1826 θυμὸς
1373 1748 1629 1829 αἴρεται
1650 1738 1880 1828 πρόσω
1896 1762 1911 1775 ·

544 1845 884 1912 ἐπίσταται
914 1841 990 1910 δὲ
1018 1856 1156 1922 τοῖς
1181 1848 1455 1910 κακοῖσί
1474 1836 1536 1909 τ’
1568 1836 1865 1927 ἀσχαλᾶν
2224 1857 2331 1913 920

542 1952 825 2033 μετρίως
852 1970 922 2012 τε
957 1950 1220 2031 χαίρειν
1246 1956 1462 2012 τοῖσιν
1490 1944 2001 2030 ἐξωγκωμένοις.

543 2047 1002 2133 λελογισμένοι
1030 2043 1158 2133 γὰρ
1189 2048 1259 2113 οἱ
1280 2041 1518 2112 τοιοίδ’
1554 2046 1724 2113 εἰσὶν
1755 2050 2017 2133 βροτῶν

542 2144 769 2237 ὀρθῶς
801 2151 1032 2233 διαζῆν
1059 2144 1177 2214 τὸν
1203 2151 1360 2232 βίον
1386 2145 1655 2233 γνώμης
1682 2148 1863 2232 μέτα.

542 2256 724 2317 ἔστιν
751 2247 877 2334 μὲν
902 2238 1031 2316 οὖν
1059 2243 1154 2316 ἵν’
1186 2242 1320 2333 ἡδὺ
1346 2244 1437 2335 μὴ
1468 2253 1624 2316 λίαν
1652 2263 1951 2336 φρονεῖν,

540 2356 722 2418 ἔστιν
751 2349 827 2418 δὲ
850 2344 1084 2435 χῶπου
1109 2347 1438 2437 χρήσιμον
1464 2348 1742 2436 γνώμην
1770 2356 1965 2436 ἔχειν.
2216 2364 2322 2419 925

541 2447 672 2538 ἐγώ
703 2447 768 2518 δ’
802 2453 877 2518 ἐν
904 2446 1151 2539 ἀνδρὸς
1184 2446 1669 2537 εὐσεβεστάτου
1696 2452 1973 2540 τραφεὶς

539 2559 910 2643 Χείρωνος,
942 2558 1199 2639 ἔμαθον
1223 2549 1383 2633 τοὺς
1408 2549 1701 2641 τρόπους
1727 2548 1983 2635 ἁπλοῦς
2009 2561 2205 2642 ἔχειν.

539 2656 652 2725 καὶ
680 2670 818 2736 τοῖς
845 2652 1242 2745 Ἀτρείδαις,
1273 2648 1360 2743 ἦν
1385 2654 1509 2742 μὲν
1536 2649 1832 2742 ἡγῶνται
1858 2663 2096 2742 καλῶς,

543 2755 901 2844 πεισόμεθ’
925 2780 939 2794 ·
972 2754 1134 2827 ὅταν
1162 2757 1239 2825 δὲ
1267 2755 1356 2844 μὴ
1386 2763 1638 2842 καλῶς,
1669 2752 1753 2825 οὐ
1782 2763 2114 2846 πείσομαι.

543 2856 690 2926 ἀλλ’
723 2855 962 2926 ἐνθάδ’
997 2861 1072 2926 ἐν
1108 2864 1315 2947 Τροίᾳ
1342 2854 1405 2924 τ’
1439 2860 1812 2947 ἐλευθέραν
1840 2859 2053 2947 φύσιν
2219 2874 2325 2930 930

542 2961 883 3047 παρέχων,
905 2956 1076 3047 ’Ἄρη
1104 2956 1178 3028 τὸ
1206 2954 1357 3027 κατ’
1388 2961 1502 3046 ἐμὲ
1528 2961 1841 3049 κοσμήσω
1868 2965 2041 3051 δορί.

542 3060 616 3128 σὲ
644 3056 735 3145 δ’,
766 3049 820 3127 ῶ
849 3064 1165 3127 παθοῦσα
1186 3062 1452 3145 σχέτλια
1481 3059 1651 3152 πρὸς
1676 3070 1814 3132 τῶν
1842 3062 2202 3153 φιλτάτων,

545 3158 588 3229 ἃ
614 3158 698 3249 δὴ
725 3157 873 3229 κατ’
909 3157 1124 3251 ἄνδρα
1151 3168 1451 3254 γίγνεται
1477 3170 1781 3252 νεανίαν,

546 3268 870 3332 τοσοῦτον
897 3262 1126 3333 οἶκτον
1152 3263 1539 3355 περιβαλών
1568 3273 1970 3354 καταστελῶ,

543 3361 832 3435 κοῦποτε
859 3363 1027 3454 κόρη
1060 3364 1142 3454 σὴ
1171 3365 1337 3456 πρὸς
1365 3365 1613 3456 πατρὸς
1638 3364 2076 3457 σφαγήσεται,
2213 3381 2318 3436 935

546 3467 666 3553 ἐμὴ
697 3464 1082 3553 φατισθεῖσ’
1104 3490 1118 3504 ·
1162 3464 1247 3535 οὐ
1275 3466 1403 3556 γὰρ
1433 3470 1785 3556 ἐμπλέκειν
1813 3467 2063 3549 πλοκὰς

2506 478 2509 601 Ὺ
