2534 3917
44 549 63 581 ιι““
46 486 71 538 ΤἸ
68 445 77 452 ⁸

339 155 472 220 224
1123 196 1129 201 -
1165 157 1525 214 ΜΗΔΕΙΑ

570 326 651 397 τὰ
682 323 894 422 πρῶτ’
933 332 1208 395 ἔσεσθαι
1243 323 1373 394 σὺν
1406 323 1833 412 κασιγνήτοις
1862 331 1978 394 ἔτι.

571 425 719 498 ἀλλ’
757 425 1135 511 αὐξάνεσθε
1150 449 1165 463 ·
1201 421 1410 495 τᾶλλα
1439 421 1503 494 δ’
1536 426 1943 516 ἐξεργάζεται

573 531 792 620 πατήρ
827 557 898 600 τε
930 531 1046 598 καὶ
1073 535 1262 600 θεῶν
1294 525 1473 609 ὅστις
1511 530 1693 598 ἐστὶν
1729 525 2045 618 εὐμενής·

572 639 782 720 ἴδοιμι
807 630 870 700 δ’
911 627 1086 719 ὑμᾶς
1115 628 1473 721 εὐτραφεῖς
1506 627 1675 718 ἥβης
1706 634 1890 712 τέλος
2252 651 2359 704 920

569 734 932 823 μολόντας,
965 738 1234 824 ἐχθρῶν
1264 740 1403 803 τῶν
1438 729 2081 832 ἐμῶνυπερτέρους.

571 833 775 924 αὕτη,
811 844 884 907 τί
906 846 1188 926 χλωροῖς
1216 835 1538 924 δακρύοις
1567 838 1820 924 τέγγεις
1846 833 2069 926 κόρας,

571 943 916 1026 στρέψασα
956 937 1208 1026 λευκὴν
1235 945 1525 1026 ἔμπαλιν
1556 943 1881 1026 παρηίδα,

573 1035 747 1108 κούκ
775 1036 1026 1128 ἀσμένη
1057 1038 1240 1111 τόνδ’
1274 1041 1341 1124 ἐξ
1371 1043 1536 1129 ἐμοῦ
1572 1042 1748 1126 δέχει
1777 1039 2015 1126 λόγους
2086 1093 2145 1165 ἦ

341 1151 510 1212 ΜΗ.
567 1138 801 1212 οὐδέν·
833 1144 1090 1212 τέκνων
1117 1140 1321 1214 τῶνδ’
1356 1144 1767 1230 ἑννοουμένη
1798 1142 1967 1230 πέρι.
2254 1158 2359 1213 925

347 1252 462 1314 IA.
569 1245 815 1334 θάρσει
843 1273 975 1314 νυν
993 1268 1007 1282 ·
1041 1236 1122 1316 εὖ
1147 1244 1279 1335 γὰρ
1307 1250 1523 1314 τῶνδε
1548 1244 1846 1333 θήσομαι
1875 1244 2046 1332 πέρι.

341 1355 508 1416 ΜΗ.
571 1347 798 1436 δράσω
824 1344 971 1415 τάδ’
992 1369 1006 1384 ·
1039 1343 1228 1416 οὗτοι
1253 1361 1397 1426 σοῖς
1424 1343 1765 1433 ἀπιστήσω
1793 1343 2044 1431 λόγοις·

570 1445 747 1536 γυνὴ
778 1447 855 1516 δὲ
885 1455 1068 1536 θῆλυ
1103 1445 1268 1518 κάπὶ
1296 1447 1616 1538 δακρύοις
1650 1454 1805 1535 ἔφυ.
1830 1513 1837 1519 .

342 1558 461 1618 ΙΑ.
569 1556 640 1618 τί
668 1548 788 1636 δή,
819 1549 1137 1638 τάλαινα,
1166 1546 1379 1619 τοῖσδ’
1410 1551 1775 1629 ἐπιστένεις
1805 1551 2089 1630 τέκνοις;

347 1659 510 1720 ΜΗ.
571 1657 833 1720 ἔτικτον
861 1647 1141 1734 αύτούς·
1179 1659 1299 1740 ζῆν
1335 1649 1401 1721 δ’
1440 1647 1542 1722 ὅτ’
1562 1652 1848 1738 ἐξηύχου
1877 1652 2098 1738 τέκνα,
2254 1667 2357 1722 930

572 1757 850 1840 εἰσῆλθέ
874 1750 947 1842 μ’
983 1753 1202 1836 οἶκτος
1237 1760 1303 1825 εἰ
1324 1754 1674 1843 γενήσεται
1708 1753 1887 1822 τάδε.

572 1853 720 1926 ἀλλ’
755 1847 981 1946 ὦνπερ
1031 1859 1235 1927 εἵνεκ’
1278 1864 1370 1938 είς
1399 1853 1602 1945 ἐμοὺς
1630 1852 1814 1944 ἥκεις
1845 1854 2111 1942 λόγους,

579 1955 660 2028 τὰ
689 1958 814 2048 μὲν
841 1961 1178 2048 λέλεκται,
1209 1966 1348 2030 τῶν
1380 1956 1446 2028 δ’
1479 1956 1609 2047 ἐγώ
1640 1957 2135 2047 μνησθήσομαι.

573 2063 720 2130 ἐπεὶ
747 2061 1108 2150 τυράννοις
1134 2069 1256 2150 γῆς
1285 2059 1360 2149 μ’
1393 2058 1776 2130 ἀποστεῖλαι
1807 2064 2015 2146 δοκεῖ,

571 2159 773 2252 κάμοὶ
798 2159 946 2231 τάδ’
979 2165 1118 2231 ἐστὶ
1144 2169 1397 2254 λῷστα,
1426 2161 1781 2249 γιγνώσκω
1806 2169 2043 2248 καλῶς,
2249 2177 2359 2233 935

577 2260 728 2351 μήτ’
767 2261 1078 2351 ἐμποδών
1104 2267 1212 2335 σοὶ
1238 2265 1402 2352 μήτε
1429 2264 1767 2354 κοιράνοις
1791 2262 2041 2351 χθονὸς

581 2371 835 2453 ναίειν,
867 2371 1045 2435 δοκῶ
1073 2365 1202 2456 γὰρ
1233 2363 1569 2454 δυσμενὴς
1601 2364 1773 2436 εἶναι
1800 2367 2051 2454 δόμοις,

577 2463 766 2555 ἡμεῖς
796 2467 920 2557 μὲν
954 2471 1029 2536 ἐκ
1055 2476 1176 2556 γῆς
1203 2466 1395 2556 τῆσδ’
1428 2464 1803 2559 άπαίρομεν
1830 2475 2039 2558 φυγῇ,

578 2576 811 2652 παῖδες
844 2566 910 2640 δ’
945 2566 1124 2652 ὅπως
1152 2566 1236 2640 ἂν
1262 2574 1645 2661 ἐκτραφῶσι
1671 2577 1753 2659 σῇ
1778 2577 1945 2658 χερί,

578 2679 772 2742 αἰτοῦ
802 2675 1108 2764 Κρέοντα
1137 2673 1340 2761 τήνδε
1368 2672 1457 2762 μή
1490 2672 1774 2761 φεύγειν
1800 2671 2039 2756 χθόνα.
2254 2688 2371 2743 940

346 2782 467 2844 IA.
576 2772 702 2844 ούκ
733 2773 864 2844 οἷδ’
897 2771 982 2843 ἂν
1012 2782 1076 2844 εἰ
1103 2783 1437 2865 πείσαιμι,
1472 2779 1833 2865 πειρᾶσθαι
1864 2771 1940 2840 δὲ
1966 2769 2114 2860 χρή.

347 2884 515 2945 ΜΗ.
570 2875 657 2944 σύ
689 2872 755 2942 δ’
789 2872 958 2944 ἀλλὰ
989 2873 1115 2962 σὴν
1141 2879 1463 2948 κέλευσον
1494 2885 1825 2947 αἰτεῖσθαι
1857 2871 2107 2963 πατρὸς

574 2991 864 3063 γυναῖκα
893 2982 1133 3057 παῖδας
1159 2978 1362 3066 τήνδε
1388 2979 1478 3068 μὴ
1509 2979 1792 3069 φεύγειν
1818 2977 2056 3067 χθόνα.

325 3059 469 3148 ⁴IA.
572 3079 889 3166 μάλιστα,
918 3080 1032 3148 καὶ
1059 3088 1319 3150 πείσειν
1350 3110 1429 3169 γε
1455 3083 1703 3166 δοξάζω
1732 3080 1851 3171 σφ’
1888 3081 2037 3170 ἐγώ.

305 3283 310 3286 Ι
350 3186 516 3249 ΜΗ.
581 3191 766 3271 εἴπερ
797 3187 1144 3268 γυναικῶν
1174 3186 1315 3253 ἐστι
1342 3191 1479 3253 τῶν
1505 3181 1729 3253 ἄλλων
1753 3193 1894 3271 μία.
2258 3198 2363 3252 945

572 3282 995 3373 συλλήψομαι
1026 3285 1102 3353 δὲ
1127 3288 1333 3355 τοῦδέ
1354 3307 1458 3354 σοι
1484 3281 1669 3370 κάγώ
1698 3285 1915 3353 πόνου
1932 3305 1946 3318 ·

581 3386 818 3471 πέμψω
847 3384 975 3476 γὰρ
1011 3383 1182 3473 αὐτῇ
1211 3382 1376 3473 δῶρ’
1410 3381 1453 3452 ἃ
1478 3384 1981 3452 καλλιστεύεται

581 3490 718 3552 τῶν
745 3493 878 3556 νῦν
905 3490 980 3555 ἐν
1009 3482 1511 3572 ἀνθρώποισιν,
1544 3482 1672 3554 οἶδ’
1714 3484 1844 3572 ἐγώ
1861 3537 1880 3573 ,
1911 3483 2108 3572 πολύ,

352 3810 632 3841 :nnn—amun.
669 3840 686 3843 ,-
763 3845 766 3847 Α
