2534 3917
335 205 460 273 288
1136 210 1521 267 οΡΕΣΤΗΣ

342 388 488 449 ΠΤ.
575 385 640 448 εί
666 376 794 466 γὰρ
823 378 1115 465 γένοιτο,
1147 377 1445 446 Φωκέων
1475 371 1542 445 δ’
1583 383 1774 447 ἔλθοι
1810 378 2010 448 πόλιν

574 488 879 549 καλοῖσιν
912 476 1337 568 ὑμεναίοισιν
1368 474 1749 567 ἀξιουμένη.
2220 500 2363 553 1210

349 591 478 652 ΟΡ.
570 578 711 670 ἥξει
745 578 813 650 δ’
853 586 918 663 ἐς
951 591 1177 662 οἴκους
1199 579 1508 670 Ἑρμιόνη
1536 587 1718 661 τίνος
1743 582 2029 671 χρόνους

576 681 666 765 ὥς
692 680 898 752 τᾶλλα
924 681 992 773 γ’
1031 682 1251 771 εἶπας,
1285 692 1471 772 εἴπερ
1503 678 1977 772 εὐτυχήσομεν,

515 872 528 883 ·
575 782 915 874 κάλλισθ’,
947 786 1211 865 ἑλόντες
1239 783 1544 872 σκύμνον
1571 780 1851 855 ἀνοσίου
1880 785 2148 876 πατρός.

235 914 238 919 ·
347 897 495 961 HA.
576 890 689 957 καὶ
720 885 804 975 δὴ
837 891 1038 968 πέλας
1067 916 1180 958 νιν
1208 887 1535 976 δωμάτων
1570 885 1742 957 εἶναι
1770 892 1981 957 δοκῶ·

575 996 695 1059 τοῦ
728 987 858 1079 γὰρ
889 989 1139 1079 χρόνου
1167 987 1242 1059 τὸ
1268 998 1477 1078 μῆκος
1506 985 1671 1059 αὐτὸ
1703 990 2069 1078 συντρέχει.
2226 1008 2362 1060 1215

353 1101 485 1163 ΟΡ.
575 1098 830 1172 καλῶς·
873 1089 960 1161 σύ
993 1096 1118 1178 μὲν
1150 1101 1316 1179 νῦν,
1350 1088 1630 1178 σύγγον’
1671 1087 2023 1180 Ἠλέκτρα,
2055 1091 2293 1178 δόμων

581 1194 788 1285 πάρος
813 1195 1108 1281 μένουσα
1133 1195 1485 1284 παρθένου
1513 1194 1712 1281 δέχου
1739 1192 1914 1262 πόδα
1932 1215 1946 1229 ·

583 1296 885 1386 φύλασσε
915 1292 982 1365 δ’
1016 1293 1103 1384 ἦν
1127 1324 1258 1382 τις,
1291 1297 1453 1385 πρὶν
1477 1301 1850 1386 τελευτηθῇ
1880 1294 2111 1384 φόνος,

583 1393 627 1485 ἢ
655 1396 988 1484 ξύμμαχός
1015 1425 1116 1476 τις
1142 1391 1187 1484 ἢ
1214 1403 1610 1485 κασίγνητος
1637 1396 1883 1488 πατρὸς

589 1496 814 1567 ἐλθών
840 1501 907 1578 ἐς
933 1507 1159 1578 οἴκους
1188 1505 1371 1588 φθῇ,
1406 1500 1667 1587 γέγωνέ
1686 1496 1749 1567 τ’
1786 1504 1880 1579 εἰς
1910 1498 2184 1586 δόμους,
2234 1516 2365 1569 1220

582 1595 625 1688 ἢ
654 1604 896 1669 σανίδα
923 1595 1196 1670 παίσασ’
1228 1593 1274 1688 ἦ
1306 1600 1549 1688 λόγους
1576 1597 1869 1689 πέμψασ’
1904 1608 2052 1670 ἔσω.

585 1699 774 1791 ἡμεῖς
807 1698 873 1772 δ’
913 1709 1042 1773 ἔσω
1071 1708 1443 1790 στείχοντες
1470 1706 1579 1773 ἐπὶ
1603 1700 1725 1773 τὸν
1754 1710 2031 1791 ἔσχατον

582 1801 792 1894 ἀγῶν’
831 1801 1298 1893 ὁπλιζώμεσθα
1330 1805 1653 1897 φασγάνῳ
1680 1808 1875 1896 χέρας

585 1907 887 1996 [Πυλάδη
904 1930 920 1945 ·
958 1906 1043 1978 σὺ
1070 1904 1198 1994 γὰρ
1228 1904 1312 1995 δὴ
1340 1910 1703 1995 συμπονεῖς
1729 1908 1874 1995 ἐμοὶ
1900 1907 2191 1990 πόνους].

587 2000 641 2079 οἷ
675 2014 864 2097 δῶμα
895 2016 1109 2079 ναίων
1141 2007 1385 2090 νυκτὸς
1416 2006 1747 2100 ὀρφναίας
1779 2010 2007 2099 πάτερ,
2230 2024 2361 2077 1225

586 2119 783 2183 καλεῖ
809 2108 875 2180 σ’
903 2108 1211 2200 Ὀρέστης
1237 2125 1391 2191 παῖς
1419 2108 1535 2192 σὸς
1562 2114 1926 2203 ἐπίκουρον
1951 2119 2184 2198 μολεῖν

587 2221 754 2303 [τοῖς
782 2218 1176 2302 δεομένοισι.
1227 2216 1337 2280 διὰ
1370 2216 1445 2281 σὲ
1473 2215 1603 2300 γὰρ
1635 2217 1864 2297 πάσχω
1894 2214 2098 2290 τάλας

586 2311 863 2392 ἀδίκως·
893 2314 1301 2401 προδέδομαι
1332 2308 1396 2380 δ’
1435 2310 1569 2383 ὑπὸ
1608 2314 2013 2402 κασιγνήτου
2045 2315 2271 2397 σέθεν,

589 2422 817 2484 δίκαια
849 2414 1128 2504 πράξας·
1159 2404 1244 2483 οὗ
1272 2416 1453 2484 θέλω
1488 2413 1785 2504 δάμαρθ’
1823 2413 1996 2485 ἔλων

591 2532 874 2588 κτεῖναι·
911 2514 998 2586 σὺ
1031 2514 1097 2585 δ’
1131 2513 1295 2605 ἡμῖν
1319 2523 1521 2587 τοῦδε
1548 2518 1947 2607 συλλήπτωρ
1974 2510 2368 2606 γενοῦ].1230

363 2628 506 2693 ΗΛ.
589 2612 645 2691 ὦ
674 2618 880 2711 πάτερ
901 2672 920 2709 ,
955 2624 1106 2690 ίκοῦ
1135 2616 1309 2709 δῆτ’,
1346 2626 1410 2690 εἰ
1429 2619 1656 2701 κλύεις
1686 2631 1842 2691 εἴσω
1872 2615 2119 2707 χθονὸς

587 2728 844 2795 τέκνων
875 2722 1291 2811 καλούντων,
1326 2731 1397 2793 οἳ
1423 2725 1628 2793 σέθεν
1654 2718 2029 2810 θνήσκουσ’
2065 2716 2262 2807 ὕπερ.

361 2834 434 2894 Π
437 2836 505 2895 Τ.
588 2818 647 2896 ὦ
669 2828 1028 2916 συγγένεια
1057 2822 1306 2914 πατρὸς
1332 2827 1532 2914 ἐμοῦ,
1560 2821 1771 2913 κάμὰς
1798 2824 2001 2911 λιτάς,

583 2926 1032 3015 Ἀγάμεμνον,
1065 2924 1495 3015 εἰσάκουσον,
1527 2934 1824 2998 ἔκσωσον
1850 2929 2071 2996 τέκνα.

367 3037 497 3097 ΟΡ.
587 3034 848 3097 ἔκτεινα
880 3024 1109 3117 μητέρ’
1130 3079 1150 3113 ,
1181 3036 1327 3096 ΠΤ.
1358 3024 1632 3118 ἡψάμην
1658 3026 1724 3100 δ’
1756 3027 1886 3117 ἐγὼ
1916 3031 2173 3115 ξίφους.
2235 3041 2377 3096 1235

368 3135 511 3199 HA.
595 3126 725 3217 ἐγώ
755 3124 850 3221 δ’·
869 3130 1349 3199 ἐπενεκέλευσα
1374 3127 1696 3200 κᾶπέλυσ’
1729 3129 1958 3201 ὄκνου.

369 3239 499 3300 ΟΡ.
592 3238 732 3319 σοί,
768 3230 1008 3321 πάτερ,
1039 3226 1330 3322 ἀρήγων.
1358 3239 1510 3301 ΗΛ.
1526 3229 1679 3303 οὐδ’
1712 3231 1843 3322 ἐγώ
1878 3229 2245 3322 προύδωκά
2274 3251 2375 3299 σε.

367 3343 510 3403 ΠΥ.
597 3335 851 3405 οὔκουν
881 3328 1112 3424 ὀνείδη
1141 3334 1301 3406 τάδε
1327 3335 1556 3406 κλύων
1587 3335 1776 3423 ῥύσει
1818 3336 2059 3413 τέκνοις

372 3443 500 3503 ΟΡ.
589 3436 909 3525 δακρύοις
942 3438 1375 3509 κατασπένδω
1408 3434 1504 3506 σ’.
1532 3444 1679 3508 ΗΛ.
1698 3434 1829 3525 έγῶ
1859 3432 1924 3504 δ’
1956 3439 2246 3503 οἴκτοισί
2272 3460 2377 3521 γε.

368 3546 442 3604 Π
442 3548 511 3605 Τ.
597 3536 988 3628 παύσασθε,
1019 3541 1133 3609 καὶ
1167 3536 1332 3628 πρὸς
1363 3546 1561 3628 ἔργον
1594 3537 2043 3624 ἐξορμώμεθα.
2236 3550 2383 3601 1240
