2534 3917
375 1373 501 1434 ΕΡ.

1063 797 1124 864 Ε
1150 797 1702 865 ΤΡΙΠἸΛΟΤ

1193 983 1251 1060 Ι
1300 975 1381 1062 Ω
1441 979 1549 1066 Ν.

580 1363 852 1453 'Mul-ag,
884 1363 920 1436 ὁ
951 1367 1288 1454 χαλκέοισι
1316 1364 1553 1444 νω’τοις
1579 1359 1880 1454 οὐρανὸν

600 1475 787 1536 θεων
823 1465 1108 1537 παλαιὸν
1137 1466 1327 1536 οἷκον
1355 1469 1716 1553 ἐκτρίβων,
1745 1471 1934 1535 θεῶν

603 1575 754 1655 μιᾶς
785 1576 998 1658 ἔφυσε
1026 1577 1299 1656 Μαῖαν,
1333 1564 1379 1657 ἢ
1409 1564 1506 1656 ’μ’
1540 1569 1840 1654 ἐγείνατο

593 1668 841 1760 Ἑρμῆν
872 1678 1161 1762 μεγίστῳ
1188 1677 1394 1758 Ζηνί,
1425 1670 1767 1757 δαιμόνων
1795 1668 2049 1758 λάτριν.

601 1768 745 1860 ἥκω
776 1773 852 1842 δὲ
880 1780 1179 1862 Δελφῶν
1206 1773 1410 1860 τήνδε
1435 1778 1602 1860 γῆν,
1633 1767 1723 1840 ἵν’
1756 1767 2066 1860 ὀμφαλὸν

599 1877 804 1963 μέσον
832 1883 1132 1958 καθίζων
1160 1882 1408 1961 Φοῖβος
1435 1870 1739 1966 ὑμνῳδεῖ
1760 1882 2022 1962 βροτοῖς

600 1976 683 2046 τά
714 1975 775 2044 τ’
807 1975 972 2048 ὅντα
998 1979 1113 2046 καὶ
1140 1979 1466 2065 μέλλοντα
1493 1982 1832 2059 θεσπίζων
1865 1972 1989 2044 ἀεί.

604 2086 785 2148 ἔστιν
807 2081 937 2170 γὰρ
967 2076 1093 2149 οὐκ
1123 2076 1372 2166 ἄσημος
1399 2075 1734 2168 Ἑλλήνων
1758 2076 1963 2162 πόλις,

602 2187 719 2266 τῆς
746 2181 1203 2269 χρυσολόγχου
1230 2180 1586 2261 Παλλάδος
1613 2180 1998 2267 κεκλημένη,

604 2272 689 2349 οὗ
716 2279 906 2350 παῖδ’
933 2279 1296 2371 Ἐρεχθέως
1327 2289 1574 2369 Φοῖβος
1603 2285 1856 2366 ἔζευξεν
1883 2277 2112 2366 γάμοις

604 2388 719 2472 βίᾳ
746 2385 1131 2471 Κρέουσαν,
1160 2389 1332 2452 ἔνθα
1360 2383 1821 2474 προσβόρρους
1852 2384 2088 2472 πέτρας

602 2483 952 2565 Παλλάδος
981 2481 1101 2554 ὑπ’
1136 2482 1322 2576 ὄχθῳ
1353 2491 1468 2573 τῆς
1490 2482 1875 2574 Ἀθηναίων
1899 2481 2147 2572 χθονὸς

603 2583 892 2675 Μακρὰς
919 2595 1198 2657 καλοῦσι
1226 2594 1347 2674 γῆς
1375 2615 1658 2668 ανακτες
1676 2584 2006 2668 Ἀτθίδος.

601 2686 822 2776 άγνως
851 2689 926 2759 δε
955 2699 1187 2777 πατρί,
1217 2717 1308 2780 τῳ
1336 2695 1480 2783 θεῳ
1509 2688 1637 2779 γὰρ
1663 2680 1750 2777 ἦν
1779 2694 2004 2777 φίλον,

2356 1791 2390 1842 5

2319 2302 2393 2352 10

604 2791 886 2877 γαστρὸς
915 2794 1218 2880 διήνεγκ’
1252 2814 1490 2881 ογκον·
1535 2790 1624 2873 ὡς
1652 2789 1716 2861 δ’
1751 2780 1968 2878 ἦλθεν
1994 2789 2263 2880 χρόνος,
2320 2809 2387 2860 15
2498 2825 2499 2830 ’

607 2889 871 2960 τεκοῦσ’
912 2895 987 2960 ἐν
1012 2902 1219 2973 οἴκοις
1247 2891 1435 2964 παῖδ’
1469 2889 1846 2982 ἀπήνεγκεν
1872 2894 2126 2982 βρέφος

610 2997 703 3070 εἰς
730 2988 977 3061 ταύτὸν
1006 2989 1251 3082 ἄντρον
1279 2985 1492 3085 οὗπερ
1520 2993 1834 3084 ηύνασθη
1863 3000 2006 3087 θεῷ

605 3095 951 3181 Κρέουσα,
981 3092 1380 3184 κάκτίθησιν
1413 3126 1501 3178 ως
1528 3095 1963 3185 θανούμενον

605 3201 831 3281 κοίλης
859 3193 995 3263 ἐν’
960 3204 1319 3287 αντίπηγος
1350 3197 1642 3290 εὐτρόχῳ
1668 3197 1920 3292 κύκλῳ,

607 3293 962 3383 προγόνων
988 3298 1199 3387 νόμον
1224 3301 1526 3384 σώζουσα
1551 3307 1674 3369 τοῦ
1703 3329 1774 3370 τε
1802 3306 2130 3389 γηγενοῦς

598 3391 1023 3484 Ἐριχθονίου
1040 3424 1056 3438 ·
1088 3411 1293 3494 κείνῳ
1321 3401 1450 3492 γὰρ
1478 3400 1520 3490 ἡ
1553 3397 1721 3484 Διός
1747 3403 1916 3493 κόρη

609 3497 890 3588 φρουραὶ
918 3503 1375 3591 παραζεύξασα
1405 3505 1666 3590 φύλακε
1698 3505 2000 3598 σώματος

2320 3318 2396 3371 20

2495 3253 2498 3319 ι
