2534 3917
330 148 413 213 76

337 2241 457 2306 ῙΦ.

769 151 1229 208 ΙΦΙΓΕΝΕΙΛ
1266 151 1339 208 Η
1371 151 1489 209 ΕΝ
1528 150 1892 210 ΤΑΥΡΟΙΣ

561 313 976 406 δεξαίμεσθ’,
996 314 1307 396 Ἑλλάδος
1332 319 1405 386 ἐκ
1432 321 1554 408 γᾶς

568 419 939 509 πλωτήρων
967 429 1034 488 εί
1052 445 1151 499 τις
1178 424 1319 505 ἔβα,

562 527 873 600 δουλείας
899 523 1141 608 ἐμέθεν
2229 537 2341 592 450

560 627 857 702 δειλαίας
886 628 1298 700 παυσίπονος
1313 641 1328 655 ·

560 725 674 792 καὶ
700 723 829 812 γὰρ
862 719 1161 812 ὀνείρασι
1187 727 1530 808 συμβαίην

562 823 790 912 δόμοις
816 824 1005 893 πόλει
1034 851 1105 892 τε
1144 821 1438 913 πατρῴα,

562 931 871 1015 τερπνῶν
895 921 1132 1014 ὕμνων
1157 922 1472 993 ἀπόλαυ-

563 1048 675 1096 σιν
695 1024 932 1095 κοινὰν
956 1026 1151 1116 χάριν
1181 1015 1384 1116 ὄλβῳ.
2231 1042 2342 1096 455

565 1125 711 1197 ἀλλ’
743 1133 887 1196 οἵδε
912 1131 1106 1218 χέρας
1134 1133 1402 1214 δεσμοῖς
1431 1130 1702 1212 δίδυμοι

565 1233 1117 1320 συνερεισθέντες
1143 1234 1467 1319 χωροῦσι,
1496 1230 1656 1295 νέον

564 1330 969 1420 πρόσφαγμα
988 1337 1183 1409 θεᾶς·
1214 1335 1474 1416 σιγᾶτε,
1511 1335 1726 1416 φίλαι.

564 1431 645 1500 τὰ
673 1430 802 1519 γὰρ
832 1429 1167 1518 Ἑλλήνων
1193 1427 1554 1518 ἀκροθίνια
1585 1427 1670 1516 δὴ

564 1548 784 1601 ναοῖσι
814 1535 1014 1612 πέλας
1040 1532 1197 1602 τάδε
1223 1539 1445 1619 βαίνει
1463 1552 1478 1566 ·
2232 1548 2342 1604 460

566 1629 717 1701 οὐδ’
753 1629 1062 1721 ἀγγελίας
1086 1639 1360 1715 ψευδεῖς
1389 1639 1625 1701 ἔλακεν

565 1733 954 1825 βουφορβὸς
979 1732 1170 1825 ἀνήρ.

566 1828 622 1903 οῗ
649 1834 892 1924 πότνι’,
928 1847 996 1906 εἴ
1014 1858 1116 1906 σοι
1144 1832 1292 1904 τάδ’
1326 1831 1741 1924 ἀρεσκόντως

565 1937 756 2017 πόλις
782 1935 904 2026 ἥδε
930 1947 1137 2024 τελεῖ,
1172 1941 1354 2018 δέξαι
1379 1944 1648 2021 θυσίας,

564 2035 643 2120 ἃς
671 2036 708 2108 ὃ
738 2038 898 2129 παρ’
929 2038 1091 2128 ἡμῖν
1117 2038 1324 2126 νόμος
1353 2034 1476 2124 οὐχ
1507 2035 1695 2116 ὁσίας
2230 2055 2340 2109 465

545 2135 816 2226 ’Ἑλλησι
848 2140 1081 2221 διδοὺς
1108 2136 1490 2227 ἀναφαίνει.

562 2240 729 2310 εἷεν·

562 2341 644 2411 τὰ
662 2348 779 2428 τῆς
802 2349 974 2410 θεοῦ
1001 2342 1125 2429 μὲν
1152 2349 1419 2431 πρῶτον
1447 2337 1535 2421 ὥς
1563 2348 1783 2421 καλῶς
1809 2349 1925 2432 ἔχῃ

565 2445 1003 2532 φροντιστέον
1027 2470 1161 2531 μοι.
1192 2447 1433 2530 μέθετε
1459 2450 1596 2512 τῶν
1621 2446 1834 2524 ξένων
1858 2445 2074 2532 χέρας,

567 2541 656 2625 ὡς
686 2541 875 2625 ὄντες
904 2547 1072 2636 ἱεροὶ
1099 2541 1326 2633 μηκέτ’
1361 2535 1483 2613 ω’σι
1512 2549 1791 2631 δέσμιοι.

562 2653 733 2718 ναοῦ
762 2644 829 2716 δ’
862 2654 991 2718 ἔσω
1011 2655 1379 2733 στείχοντες
1408 2644 1820 2734 εὐτρεπίζετε
2081 2697 2093 2704 .
2225 2661 2335 2717 470

563 2746 608 2817 ἃ
632 2748 757 2837 χρὴ
794 2747 895 2817 ’πὶ
923 2765 1059 2828 τοϊς
1086 2755 1374 2836 παροῦσι
1402 2749 1516 2816 καὶ
1542 2754 1896 2834 νομίζεται.

564 2857 699 2938 φεῦ
715 2873 730 2887 ·

563 2958 662 3031 τίς
690 2942 819 3041 ἆρα
846 2949 1059 3038 μήτηρ
1087 2946 1128 3037 ἡ
1158 2946 1425 3018 τεκοῦσ’
1459 2946 1636 3038 ’ὑμᾶς
1663 2976 1824 3018 ποτε

564 3052 776 3142 πατήρ
792 3053 842 3118 τ’
852 3080 869 3132 ;
896 3046 1155 3140 ἀδελφή
1183 3047 1271 3136 τ’,
1304 3057 1369 3119 εί
1389 3060 1654 3140 γεγῶσα
1681 3050 2029 3137 τυγχάνεις

563 3159 725 3222 οἵων
751 3167 1054 3245 στερεῖσα
1082 3151 1424 3240 διπτύχων
1450 3161 1743 3222 νεανιῶν

564 3251 938 3343 ἀνάδελφος
964 3259 1164 3322 ἔσται.
1198 3252 1316 3333 τας
1344 3254 1545 3340 τύχας
1573 3263 1675 3336 τίς
1701 3249 1834 3322 οἷδ’
1868 3249 1966 3321 ὅτι
2231 3268 2342 3323 475

562 3353 804 3424 τοιαίδ’
838 3362 1135 3437 ἔσονται;
1166 3355 1380 3423 πάντα
1407 3355 1536 3446 γὰρ
1564 3356 1645 3424 τὰ
1673 3361 1813 3426 τῶν
1839 3360 2030 3432 θεῶν

563 3460 656 3533 εἰς
681 3453 934 3545 ἀφανὲς
963 3457 1182 3546 ἕρπει,
1212 3452 1462 3526 κούδὲν
1492 3457 1600 3527 οἶδ
1608 3455 1625 3481 ’
1673 3453 1900 3533 οὐδεὶς
1928 3456 2173 3525 κακόν·
