2534 3917
301 210 424 275 218
713 233 720 240 ·
1067 220 1422 278 MHAEIA

533 387 758 452 ἔπειτα
787 390 1052 455 παίδων
1083 413 1180 454 ων
1204 392 1589 476 ἐπαγγέλλει
1613 421 1855 479 γονας·

533 491 628 564 εἰς
657 492 854 556 τοῦτο
882 485 1012 577 γὰρ
1041 487 1124 576 δὴ
1157 491 1460 579 φροῦδός
1492 499 1625 580 εἰμι
1654 503 1782 576 πᾶς
1810 498 1962 587 έγιό.

527 585 731 670 [οὕτω
763 589 831 652 δ’
863 593 996 672 ἔχει
1023 615 1165 675 μοι·
1217 599 1345 658 σοῦ
1374 595 1498 678 μὲν
1532 597 1870 721 ἐλθούσης
1898 603 2151 688 χθόνα,

523 689 930 774 πειράσομαί
955 706 1082 757 σου
1111 693 1464 777 προξενεῖν
1495 697 1824 775 δίκαιος’
1784 699 1903 764 τόν.
1910 705 1939 785 ]

525 789 806 854 τοσόνδε
835 791 1062 874 μέντοι
1093 809 1200 858 σοι
1229 803 1668 882 προσημαίνω
1684 849 1703 883 ,
1734 801 1970 883 γύναι·
2220 821 2323 872 725

525 887 601 952 ἐκ
630 893 832 974 τῆσδε
860 895 986 976 μὲν
1013 899 1136 978 γῆς
1165 895 1250 961 ού
1280 891 1342 962 σ’
1378 891 1566 982 ἄγειν
1593 904 2044 989 βουλήσομαι·
2216 923 2319 974 726

520 986 816 1068 ἀναίτιος
843 991 977 1078 γὰρ
1008 997 1120 1060 καὶ
1151 997 1365 1076 ξένοις
1395 997 1568 1066 εἶναι
1595 1005 1798 1068 θέλω.
2216 1023 2321 1074 730

520 1087 687 1175 αὕτη
722 1092 788 1156 δ’
821 1094 1074 1180 ἐάνπερ
1107 1100 1202 1174 εἰς
1233 1098 1436 1184 ἐμούς
1466 1105 1673 1188 ἔλθῃς
1702 1106 1983 1190 δόμους,
2214 1125 2316 1174 727

514 1204 737 1272 μενεῖς
766 1192 1016 1274 ἄσυλος
1046 1199 1175 1264 κού
1205 1217 1281 1266 σε
1310 1200 1399 1286 μὴ
1429 1208 1617 1287 μεθῶ
1650 1229 1803 1271 τινι.

520 1292 626 1374 [ἐκ
655 1296 858 1379 τῆσδε
889 1295 953 1360 δ’
987 1297 1156 1386 αὐτὴ
1183 1307 1307 1387 γῆς
1336 1301 1775 1371 ἀπαλλάσσου
1805 1307 2000 1374 πόδα.
2005 1313 2034 1393 ]
2213 1326 2313 1376 729

277 1391 446 1453 ΜΗ.
513 1395 699 1460 ἔσται
729 1397 907 1461 τάδ’·
955 1398 1124 1466 αλλα
1155 1407 1375 1479 πίστις
1408 1406 1469 1468 εἰ
1494 1405 1759 1486 γένοιτό
1788 1433 1900 1492 μοι
2210 1427 2312 1476 731.

518 1489 776 1557 τούτων
790 1493 1052 1580 ,ἔχοιμ’
1086 1493 1172 1564 ἂν
1201 1501 1421 1571 πάντα
1448 1506 1617 1594 πρὸς
1645 1513 1875 1581 σέθεν
1882 1523 2121 1598 καλῶς.

283 1594 403 1653 ΑΙ.
509 1595 657 1673 μῶν
685 1587 768 1659 06
799 1595 1236 1680 πέποιθας;”
1203 1629 1245 1687 η
1275 1611 1346 1670 τί
1370 1626 1477 1674 σοι
1504 1607 1578 1678 τὸ
1611 1617 1965 1704 δυσχερές;

280 1696 448 1756 ΜΗ.
506 1693 837 1760 πέποιθα·
868 1703 1128 1768 Πελίου
1157 1699 1222 1769 δ’
1257 1707 1499 1796 ἐχθρός
1527 1714 1674 1782 ἐστί
1693 1743 1806 1802 μοι
1836 1719 2039 1807 δόμος

506 1796 749 1882 Κρέων
775 1823 865 1866 τε.
897 1800 1160 1884 τούτοις
1189 1785 1262 1874 δ’
1268 1804 1610 1899 ,ὁρκίοισι
1637 1817 1761 1902 μὲν
1790 1827 2031 1911 ζυγείς,
2194 1843 2297 1900 735

505 1919 792 1982 αγουσιν
819 1897 903 1968 οὐ
931 1901 1163 1989 μεθει’
1195 1903 1280 1976 ἂν
1308 1913 1380 1979 ἐκ
1409 1922 1602 2000 γαίας
1631 1921 1776 2005 ἐμέ·

504 1996 728 2085 λόγοις
756 2001 832 2070 δὲ
859 2005 1118 2094 συμβὰς
1155 2008 1246 2093 μὴ
1292 2021 1479 2084 θεῶν
1519 2018 1846 2107 ἐνώμοτος

505 2106 698 2185 φίλος
728 2103 942 2190 γένοι’
975 2135 1061 2176 αν
1089 2107 1733 2248 κᾶπικηρυκεύματα

501 2199 631 2288 τάχ’
666 2199 751 2272 ἂν
779 2215 976 2276 πίθοι
1011 2234 1118 2280 σε·
1164 2216 1336 2302 τᾶμα
1359 2224 1482 2307 μὲν
1506 2223 1633 2312 γὰρ
1657 2225 1937 2316 ἀσθενῆ,

501 2319 639 2383 τοῖς
668 2303 735 2372 δ’
769 2303 1038 2394 όλβος”’
995 2333 1134 2381 εστι
1161 2317 1276 2383 καὶ
1314 2317 1517 2405 δόμος
1542 2331 1966 2415 τυραννικός.
2178 2354 2285 2408 740

267 2411 386 2470 AI.
495 2403 752 2491 πολλὴν
789 2413 1042 2492 ἔδειξας
1073 2419 1150 2483 έν
1180 2420 1407 2503 λόγοις
1449 2437 1873 2514 προμηθίαν·

494 2503 649 2576 ἀλλ’
685 2514 748 2575 εί
772 2515 962 2579 δοκεῖ
984 2533 1090 2582 σοι
1106 2521 1329 2607 ,δραν
1357 2522 1509 2591 ταδ’
1544 2526 1669 2596 οὐκ
1699 2529 2089 2623 ἀφίσταμαι.

493 2612 647 2695 ἐμοί
665 2636 736 2678 τε
763 2609 892 2702 γὰρ
922 2613 1069 2684 ταδ’
1103 2621 1285 2690 ἐστὶν
1313 2619 1797 2722 ασφαλέστατα,

488 2719 740 2800 σκῆψίν
767 2713 898 2784 τιν’
932 2721 1201 2810 έχθροις
1229 2741 1373 2806 σοῖς
1402 2734 1636 2815 ἔχοντα
1665 2738 2037 2827 δεικνύναι,

490 2812 563 2882 τὸ
593 2815 717 2886 σόν
744 2814 805 2886 τ’
837 2847 1048 2909 αραρε
1072 2831 1359 2910 μᾶλλον·
1403 2834 1644 2955 ἐξηγοῦ
1672 2839 1898 2920 θεούς.
2169 2859 2271 2914 745

261 2920 424 2980 MH.
481 2913 655 3002 όμνυ
686 2921 892 2988 πέδον
918 2929 1054 3008 Γῆς
1081 2930 1336 3017 πατέρα
1363 2930 1438 2999 θ’
1468 2931 1705 3006 Ἠλιον
1732 2941 1981 3032 πατρὸς

489 3013 746 3104 τούμοῦ
775 3029 963 3090 θεῶν
991 3051 1063 3092 τε
1091 3033 1495 3114 συντιθεὶς
1467 3064 1645 3108 απαν
1673 3045 1885 3132 γένος,

481 3115 634 3204 μήτ’
666 3115 869 3201 αὐτὸς
897 3127 968 3191 ἐκ
999 3134 1118 3214 γῆς
1146 3137 1265 3218 σῆς
1298 3133 1403 3219 ἔμ’
1436 3140 1747 3227 ἐκβαλεῖν
1774 3171 1955 3232 ποτε,

480 3217 640 3308 μήτ’
673 3217 932 3303 ἄλλος’
900 3223 990 3311 ἦν
1017 3255 1116 3308 τις
1143 3239 1280 3301 τῶν
1310 3238 1489 3322 ἐμῶν
1517 3244 1855 3332 ἐχθρῶν”
1814 3275 2004 3334 αγειν
2160 3267 2264 3322 750

476 3321 712 3412 χρῄζῃ,
742 3327 1068 3415 μεθήσειν
1095 3340 1225 3415 ζῶν
1257 3338 1545 3410 ἕκουσίω
1572 3346 1820 3439 τρόπω.

479 3542 578 3593 AI.
613 3528 681 3594 *tl
699 3547 888 3615 χρῆμα
924 3548 1224 3622 δρασειν’”
1185 3577 1220 3624 η
1261 3559 1325 3610 τί
1352 3556 1429 3628 μή
1468 3563 1733 3632 δράσεινς
1766 3565 1904 3634 λέγε.
2157 3575 2261 3624 748
