2534 3917
330 339 479 401 AN.

329 542 469 605 ΕΚ.

328 746 482 806 AN.

328 951 469 1012 EK.

332 1155 483 1215 AN.

330 1459 471 1520 ΕΚ.

331 1663 480 1724 ΑΝ.

329 1867 469 1929 ΕΚ.

327 2072 479 2134 AN.

325 2275 466 2338 ΕΚ.

326 2480 478 2542 AN.

324 2686 465 2746 ΕΚ.

327 2889 474 2950 ΑΝ.

1100 159 1528 217 ΤΡΩΙΑΔΕΣ

559 320 614 398 ῶ
640 334 847 417 μῆτερ
877 324 1153 416 ἀνδρός,
1186 322 1261 407 ὃς
1289 324 1436 396 ποτ’
1467 324 1789 416 Ἀργει-*ων
1821 336 1969 416 δορὶ
2258 352 2354 404 ῇιῃ

561 438 912 509 πλείστους
940 425 1242 516 διῶλεσ’,
1266 424 1615 519 Ἕκτορος,
1645 431 1793 500 τάδ’
1829 440 2134 524 εἰσῃρξέῃ

555 530 694 621 ὁρῶ
721 530 803 600 τά
836 537 973 601 τῶν
1000 538 1221 618 θεῶν,
1254 528 1344 613 ῶς
1369 530 1450 600 τὰ
1476 532 1602 620 μὲν
1629 532 1961 620 π-υργῡῡσ’
1997 532 2142 604 ἀνω

558 634 640 704 τά
665 635 879 724 μηδὲν
905 629 1100 722 ὅντα,
1131 631 1212 702 τὰ
1242 634 1319 703 δὲ
1345 632 1661 703 δοκοῦντ’
1697 632 2070 704 ἀπώλεσαν.

566 733 871 825 ἀγόμεθα
905 743 1054 805 λεία
1081 734 1213 805 σὺν
1237 739 1482 827 τέκνῳ,
1512 733 1590 805 τὸ
1619 736 1685 804 δ’
1721 736 1989 824 εὐγενὲς

566 845 659 918 εἰς
687 843 939 908 δοῦλον
973 835 1157 926 ἥκει,
1188 836 1560 926 μεταβολὰς
1586 836 1846 908 τοιάσδ’
1881 846 2054 927 ἔχον.
2249 859 2350 914 615

556 939 631 1010 τὸ
661 947 777 1028 τῆς
808 937 1101 1027 ἀνάγκης
1128 941 1390 1010 δεινόν·
1428 937 1577 1029 ἀρτι
1607 938 1769 1010 κάπ’
1802 946 1967 1030 ἐμοῦ

561 1039 794 1131 βέβηκ’
833 1039 1345 1113 ἀποσπασθεῖσα
1371 1042 1740 1132 Κασάνδρα
1766 1050 1903 1135 βίᾳ.

567 1153 701 1232 φεῦ
733 1153 898 1234 φεῦ·

563 1245 762 1330 ἀλλος
788 1276 887 1328 τις
911 1257 1116 1334 Αἴας,
1150 1243 1238 1329 ῶς
1266 1253 1472 1334 ἔοικε,
1503 1248 1818 1334 δεύτερος

562 1349 799 1432 παιδὸς
824 1352 1082 1437 πέφηνε
1110 1356 1262 1436 σῆς·
1293 1364 1512 1430 νοσεῖς
1541 1349 1618 1418 δὲ
1642 1346 1904 1437 χᾶτερα.

555 1442 653 1520 ῶν
683 1448 749 1538 γ’
786 1447 943 1520 οὔτε
971 1454 1214 1538 μέτρον
1243 1448 1388 1520 οὔτ’
1423 1449 1711 1541 ἀριθμὸς
1739 1456 1876 1520 ἔστι
1903 1480 2016 1539 μοι
2034 1475 2049 1488 ·
2253 1473 2350 1525 620

561 1559 745 1644 κακῷ
773 1550 986 1621 κακὸν
1012 1550 1143 1640 γὰρ
1175 1559 1269 1632 εἰς
1298 1549 1586 1640 ἅμιλλαν
1614 1561 1891 1642 ἔρχεται.

561 1656 853 1742 τέθνηκέ
882 1675 987 1724 σοι
1016 1669 1169 1735 παῖς
1199 1653 1366 1744 πρὸς
1400 1656 1590 1747 τάφῳ
1616 1658 1964 1743 Πολυξένη

565 1755 880 1846 σφαγεῖσ’
908 1753 1286 1845 Ἀχιλλέως,
1317 1763 1540 1845 δῶρον
1571 1755 1808 1850 ἀψύχῳ
1837 1765 2078 1849 νεκρῷ.

559 1865 628 1929 οἲ
646 1858 768 1949 'yda
799 1860 1096 1929 τάλαινα.
1127 1857 1310 1930 τοῦτ’
1342 1859 1559 1929 ἐκεῖνό
1586 1888 1700 1948 μοι
1729 1860 1931 1929 πάλαι

568 1962 951 2051 Ταλθύβιος
978 1959 1234 2051 αἴνιγμ’
1269 1959 1354 2030 οὐ
1383 1968 1614 2050 σαφῶς
1642 1961 1830 2032 εἶπεν
1861 1965 2090 2050 σαφές.
2240 1981 2344 2035 625

564 2063 749 2135 εἶδόν
775 2093 889 2134 νιν
916 2061 1086 2152 αὐτὴ
1114 2062 1464 2152 κάποβᾶσα
1491 2062 1693 2133 τῶνδ’
1727 2062 1903 2151 ὄχων

560 2173 821 2256 ἔκρυψα
851 2169 1127 2247 πέπλοις
1154 2170 1721 2254 κάπεκλαυσάμην
1747 2172 2015 2254 νεκρόν.

556 2275 729 2356 αἰαῖ,
759 2273 1031 2354 τέκνον,
1062 2275 1203 2336 σῶν
1236 2263 1528 2337 ἀνοσίων
1557 2267 2129 2357 προσφαγμάτων·

554 2376 701 2438 αἰαῖ
720 2367 877 2457 μάλ’
909 2359 1145 2454 αὖθις,
1179 2365 1267 2448 ῶς
1297 2371 1912 2450 κακῶςδιόλλυσαι.

563 2467 823 2541 ὄλωλεν
853 2466 941 2552 ὥς
969 2466 1260 2557 ὄλωλεν,
1293 2468 1443 2541 ἀλλ’
1476 2469 1653 2560 ὅμως
1682 2478 1844 2561 ἐμοῦ
2237 2493 2338 2547 630

557 2573 765 2663 ζώσης
793 2568 861 2663 γ’
896 2568 1152 2645 ὄλωλεν
1182 2570 1636 2667 εὐτυχεστέρῳ
1665 2577 1914 2665 πότμῳ.

552 2674 635 2748 οὗ
664 2676 943 2766 ταύτόν,
976 2669 1032 2746 ῶ
1058 2692 1211 2766 παῖ,
1241 2684 1336 2768 τῷ
1364 2682 1639 2765 βλέπειν
1665 2675 1740 2746 τὸ
1768 2686 2169 2747 κατθανεῖν·

554 2779 629 2850 τὸ
657 2781 781 2869 μὲν
809 2779 937 2870 γὰρ
964 2777 1202 2867 οὐδέν,
1232 2785 1326 2872 τῷ
1354 2777 1420 2848 δ’
1455 2787 1706 2849 ἔνεισιν
1734 2783 2016 2859 ἐλπίδες.
2106 2790 2116 2796 ”

552 2872 607 2949 a?
633 2889 839 2973 μῆτερ
870 2875 925 2950 ὦ
952 2888 1269 2970 τεκοῦσα,
1299 2881 1654 2953 κάλλιστον
1683 2881 1888 2970 λόγον

554 2979 878 3070 ἄκουσον,
914 2980 1004 3062 ῶς
1029 3003 1135 3053 σοι
1162 2987 1400 3073 τέρψιν
1430 2984 1692 3072 ἐμβάλω
1723 2991 1944 3073 φρενί.
2230 3001 2329 3056 635

554 3082 627 3154 τὸ
656 3081 743 3172 μὴ
774 3085 1095 3172 γενέσθαι
1122 3092 1216 3176 τῷ
1244 3095 1489 3154 θανεῖν
1516 3097 1663 3156 ἴσον
1694 3088 1888 3173 λέγω,

554 3192 674 3256 τοῦ
709 3192 827 3276 ζῆν
855 3186 931 3256 δὲ
958 3193 1230 3276 λυπρῶς
1255 3188 1568 3276 κρεῖσσόν
1597 3192 1734 3257 ἐστι
1762 3198 2148 3257 κατθανεῖν.

554 3286 749 3377 ἀλγεῖ
770 3289 898 3382 γὰρ
928 3286 1133 3360 οὐδὲν
1161 3297 1298 3360 τῶν
1330 3298 1558 3361 κακῶν
1586 3287 1995 3380 ᾐσθημένος·

553 3387 587 3460 ὃ
619 3388 685 3457 δ’
720 3389 1085 3480 εὐτυχήσας
1114 3401 1207 3472 εἰς
1234 3389 1310 3462 τὸ
1343 3393 1666 3478 δυστυχὲς
1697 3389 1924 3460 πεσών

554 3489 780 3576 ψυχὴν
808 3488 1042 3561 ἀλᾶται
1070 3500 1185 3578 τῆς
1216 3489 1494 3580 πάροιθ’
1531 3489 1908 3576 εὐπραξίας.
2229 3508 2328 3562 640
