2534 3917
283 1518 426 1577 XO.

289 1823 416 1883 ΟΡ.

282 2026 415 2085 ΦΡ.

286 2230 416 2289 ΟΡ.

283 2332 415 2391 ΦΡ.

283 2534 416 2594 ΟΡ.

282 2636 416 2696 ΦΡ.

285 2738 414 2799 ΟΡ.

281 2840 416 2900 ΦΡ.

288 3039 418 3103 ΟΡ.

279 3246 414 3306 ΦΡ.

283 3348 415 3409 ΟΡ.

152 3620 154 3623 ,
279 3552 418 3613 ΦΡ.

1111 220 1497 281 ΟΡΕΣΤΗΣ
2166 226 2289 287 297

511 386 946 479 ξυνήρπασαν
963 410 978 425 ·
1013 388 1216 459 πάλιν
1243 388 1321 457 δὲ
1348 388 1471 457 τὰν
1496 388 1663 472 Διὸς
1692 392 1905 482 κόραν

511 491 620 559 ἐπὶ
653 488 926 579 σφαγὰν
955 496 1243 560 ἔτεινον·
1276 488 1320 560 ἃ
1354 488 1423 559 δ’
1455 494 1529 561 ἐκ
1556 492 1885 582 θαλάμων

519 593 782 679 ἐγένετο
819 591 1063 683 διαπρὸ
1095 592 1425 680 δωμάτων
1452 590 1769 683 ἄφαντος,
2160 614 2293 669 1495

511 686 566 762 ὦ
591 700 728 763 Ζεῦ
754 696 868 763 καὶ
893 700 982 781 γᾶ
1006 695 1120 763 καὶ
1148 702 1294 784 φῶς
1322 697 1437 764 καὶ
1463 695 1610 783 νύξ,

429 834 440 837 -
513 794 660 883 ἤτοι
692 794 1146 886 φαρμάκοισιν
1171 792 1218 885 ἦ
1243 796 1481 885 μάγων

516 901 851 985 τέχναισιν
883 892 928 986 ἢ
953 905 1143 968 θεῶν
1172 908 1471 979 κλοπαῖς.

515 997 596 1067 τὰ
624 996 691 1067 δ’
723 996 950 1089 ὕστερ’
984 998 1210 1069 οὐκέτ’
1245 1000 1429 1070 οἶδα
1461 1007 1629 1091 δρα-

513 1104 720 1188 πέτην
747 1130 876 1191 γαρ
911 1104 1363 1184 ἐξέκλεπτον’
1328 1131 1401 1172 εκ
1431 1102 1661 1191 δόμων
1685 1085 1881 1174 πόδα.

511 1203 862 1273 πολύπονα
889 1203 965 1273 δὲ
991 1204 1343 1274 πολύπονα
1369 1204 1595 1273 πάθεα
2158 1226 2300 1278 1500

515 1307 866 1386 Μενέλαος
895 1303 1345 1394 ἀνασχόμενος
1374 1302 1704 1394 ανόνητον
1732 1303 1863 1377 άπὸ

522 1414 765 1497 Τροίας
799 1413 996 1495 ἔλαβε
1025 1404 1144 1476 τὸν
1167 1404 1432 1487 Ἑλένας
1459 1408 1696 1496 γάμον.

505 1512 621 1578 καὶ
647 1507 782 1598 μὴν
809 1506 1072 1598 ἀμείβει
1096 1507 1339 1579 καινὸν
1369 1512 1441 1578 ἐκ
1475 1516 1733 1580 καινῶν
1760 1510 1914 1581 τόδε
1932 1534 1949 1549 ·

511 1609 891 1701 ξιφηφόρον
923 1610 1052 1700 γὰρ
1083 1616 1323 1701 εἰσορῶ
1351 1609 1481 1699 πρὸ
1511 1611 1838 1700 δωμάτων

513 1709 815 1800 βαίνοντ’
842 1710 1158 1803 Ὀρέστην
1187 1714 1571 1805 ἐπτοημένῳ
1598 1720 1778 1782 ποδί.
2158 1734 2297 1786 1505

508 1821 642 1883 ποῦ
687 1812 862 1883 ’στιν
905 1808 1104 1895 οὗτος
1147 1812 1222 1895 ὃς
1267 1820 1611 1901 πέφευγεν
1654 1819 1725 1882 ἐκ
1771 1814 1999 1901 δόμων
2043 1816 2299 1905 τούμὸν

1193 1919 1421 2005 &apos-3

512 2024 874 2107 προσκυνω
931 2015 1024 2106 σ’,
1080 2014 1279 2105 άναξ,
1335 2018 1600 2106 νόμοισι
1646 2018 2049 2135 βαρβάροισι
2083 2041 2296 2110 προσ-

1200 2126 1477 2190 πίτνων.

507 2219 634 2291 οὐκ
663 2225 738 2291 ἐν
757 2218 931 2314 Ἰλίῳ
960 2219 1104 2291 τάδ’
1137 2226 1355 2309 ἐστίν,
1389 2218 1535 2290 ἀλλ’
1572 2226 1648 2291 ἐν
1668 2220 1935 2315 Ἀργείᾳ
1965 2232 2188 2311 χθονί.

509 2330 850 2410 πανταχοῦ
909 2332 1026 2411 ζῆν
1080 2320 1216 2412 ἡδυ
1274 2331 1527 2412 μᾶλλον
1580 2318 1627 2412 ἦ
1680 2336 1927 2394 θανεῖν
1965 2342 2105 2408 τοῖς
2159 2327 2297 2396 ‹505-

1193 2449 1460 2515 φροσιν.

511 2554 661 2596 ουτι
692 2550 826 2597 που
861 2526 1173 2619 κραυγὴν
1206 2534 1458 2617 ἔθηκας
1496 2532 1823 2622 Μενέλεω
1850 2536 2294 2621 βοηδρομεῖν;

509 2631 620 2698 σοὶ
648 2628 773 2717 μὲν
801 2620 930 2699 οὖν
955 2627 1144 2718 ἔγωγ’
1178 2626 1497 2717 αμύνειν·
1534 2626 1885 2719 ἀξιώτερος
1905 2631 2034 2720 γὰρ
2065 2632 2143 2701 εἷ.
2162 2650 2293 2703 1511

506 2728 858 2813 ἐνδίκως“
821 2760 864 2819 η
900 2732 1312 2821 Τυνδάρειος
1339 2722 1470 2822 ἆρα
1498 2747 1653 2812 ’παῖς
1673 2732 1989 2817 διωλετο;

506 2830 923 2921 ἐνδικώτατ’,
989 2844 1058 2902 εἴ
1091 2861 1170 2921 γε
1209 2831 1492 2922 λαιμοὺς
1546 2833 1679 2921 εἶχε
1716 2834 2121 2925 τριπτύχους
2159 2846 2297 2905 θα-

1201 2952 1369 3005 νεῖν.

510 3040 729 3128 δειλίᾳ
773 3036 1044 3127 γλώσσῃ
1083 3046 1368 3126 χαρίζει,
1416 3034 1670 3107 τάνδον
1729 3036 1855 3126 οὐχ
1902 3036 2080 3110 οὕτω
2122 3067 2298 3129 φρο-

534 3169 542 3177 ·
1201 3168 1365 3210 νων.

507 3236 592 3308 οὗ
634 3240 784 3331 γάρ,
813 3237 957 3328 ἥτις
990 3238 1252 3312 Ἑλλάδ’
1292 3240 1521 3325 αὐτοῖς
1561 3246 1777 3333 Φρυξὶ
1814 3243 2299 3333 διελυμήνατο;

509 3337 793 3429 ὄμοσον,
852 3350 916 3413 εί
971 3344 1048 3415 δὲ
1100 3344 1230 3433 μή,
1278 3352 1492 3415 κτενῶ
1550 3368 1659 3433 σε,
1717 3342 1807 3433 μὴ
1860 3348 2086 3433 λέγειν
2129 3345 2299 3435 ἐμὴν

1193 3447 1411 3535 χάριν.
2162 3464 2301 3518 1516

511 3544 635 3634 τὴν
665 3544 832 3634 ἐμὴν
860 3544 1088 3635 ψυχὴν
1114 3546 1477 3636 κατωμοσ’,
1521 3544 1609 3636 ἣν
1644 3543 1729 3617 ἂν
1760 3545 2105 3639 εὐορκοῖμ’
2145 3548 2298 3637 ἐγώ.
