2534 3917
287 199 408 261 302

1099 198 1485 257 ΟΡΕΣΤΗΣ

293 378 438 439 AII.
521 371 867 455 Μενέλαε,
902 375 1153 437 παῦσαι
1182 363 1341 455 λῆμ’
1378 373 1549 453 ἔχων
1577 368 2016 454 τεθηγμένον,
2165 384 2299 437 1625

519 469 767 557 Φοῖβός
795 467 859 539 σ’
894 466 930 538 ὁ
959 476 1222 557 Λητοῦς
1249 483 1406 550 παῖς
1438 464 1543 537 ὅδ’
1578 467 1781 555 ἐγγὺς
1810 463 1907 536 ὦν
1934 474 2140 554 καλῶ,

521 570 609 641 σύ
636 568 712 641 θ’
746 568 820 652 ὃς
847 571 1130 661 ξιφήρης
1155 567 1306 660 τῇδ’
1341 569 1732 660 ἐφεδρεύεις
1760 570 1928 660 κόρῃ

515 671 811 764 Ὀρέσθ’,
842 670 936 742 ἵν’
968 678 1150 763 εἰδῇς
1178 669 1299 753 οὓς
1330 674 1561 762 φέρων
1588 669 1731 761 ἥκω
1762 672 2021 759 λόγους.

513 773 786 863 Ἑλένην
813 775 937 863 μὲν
963 772 1050 863 ἢν
1075 773 1164 845 σὺ
1193 775 1490 845 διολέσαι
1518 773 1873 865 πρόθυμος
1898 768 1995 841 ὦν

524 875 842 968 ἥμαρτες,
871 874 1084 965 ὀργὴν
1111 879 1438 969 Μενέλεῳ
1466 876 1888 965 ποιούμενος,
2166 892 2304 947 1630

525 975 660 1066 [ἥδ’
695 984 896 1065 ἐστίν,
927 976 1014 1065 ἢν
1041 975 1229 1068 ὁρᾶτ’
1264 982 1339 1048 έν
1370 980 1645 1069 αἰθέρος
1674 984 1994 1064 πτυχαῖς,]

524 1084 904 1169 σεσωσμένη
933 1108 1006 1150 τε
1034 1077 1160 1151 κού
1189 1087 1498 1151 θανοῦσα
1525 1080 1693 1170 πρὸς
1719 1081 1943 1149 σέθεν.

529 1183 660 1270 ἐγώ
685 1212 797 1253 νιν
825 1186 1110 1266 ἐξέσωσα
1135 1180 1313 1252 κάπὸ
1342 1183 1695 1271 φασγάνου

527 1293 647 1355 τοῦ
676 1293 802 1355 σοῦ
831 1287 1222 1365 κελευσθεὶς
1248 1282 1496 1375 ἥρπασ’
1531 1288 1604 1355 ἐκ
1634 1281 1801 1364 Διὸς
1828 1283 2095 1373 πατρός.

527 1385 743 1474 Ζηνὸς
770 1387 899 1477 γὰρ
929 1378 1140 1457 οὖσαν
1169 1393 1288 1475 ζῆν
1315 1415 1429 1455 νιν
1456 1384 1755 1474 ἄφθιτον
1780 1385 2019 1475 χρεών,
2170 1402 2295 1457 1635

525 1488 828 1575 Κάστορί
848 1516 920 1557 τε
944 1487 1373 1556 Πολυδεύκει
1400 1484 1462 1554 τ’
1494 1492 1569 1557 ἐν
1597 1492 1868 1578 αἰθέρος
1898 1504 2179 1575 πτυχαῖς

523 1588 868 1669 σύνθακος
895 1596 1110 1677 ἔσται,
1141 1596 1483 1669 ναυτίλοις
1512 1590 1854 1681 σωτήριος.

530 1688 742 1780 ἄλλην
773 1692 849 1761 δὲ
875 1690 1155 1781 νύμφην
1186 1700 1283 1773 εἰς
1310 1690 1559 1780 δόμους
1584 1700 1822 1781 κτῆσαι
1848 1692 2098 1781 λαβών,

532 1797 675 1863 ἐπεὶ
703 1797 854 1864 θεοὶ
881 1802 974 1888 τῷ
1000 1800 1202 1883 τῆσδε
1226 1793 1743 1881 καλλιστεύματι

511 1892 837 1984 Ἕλληνας
869 1905 962 1979 εἰς
993 1893 1070 1968 ἓν
1096 1900 1207 1967 καὶ
1235 1897 1511 1987 Φρύγας
1538 1894 1939 1986 ξυνήγαγον,
2173 1912 2311 1967 1640

528 1998 869 2080 θανάτους
895 1998 956 2068 τ’
991 2007 1279 2087 ἔθηκαν,
1312 1997 1401 2079 ὥς
1430 1996 1832 2069 ἀπαντλοῖεν
1857 1996 2105 2084 χθονὸς

530 2095 824 2191 ὕβρισμα
851 2109 1128 2190 θνητῶν
1155 2098 1477 2190 ἀφθόνου
1505 2100 1959 2191 πληρώματος.

531 2200 610 2269 τὰ
639 2204 763 2290 μὲν
793 2200 956 2270 καθ’
981 2200 1255 2289 Ἑλένην
1284 2195 1407 2271 ὧδ’
1442 2209 1604 2287 ἔχει·
1640 2204 1715 2271 σὲ
1745 2208 1787 2271 δ
1794 2200 1811 2226 '
1846 2192 1937 2271 αὖ
1961 2202 2205 2291 χρεών,

524 2300 831 2391 Ὀρέστα,
861 2310 1056 2389 γαίας
1082 2300 1273 2390 τῆσδ’
1306 2300 1771 2391 ὑπερβαλόνθ’
1805 2300 2005 2392 ὅρους

533 2405 926 2493 Παρράσιον
955 2411 1168 2473 οἰκεῖν
1197 2404 1495 2475 δάπεδον
1525 2408 1841 2476 ἐνιαυτοῦ
1868 2403 2141 2475 κύκλον.
2177 2424 2313 2477 1645

531 2506 919 2595 κεκλήσεται
949 2507 1025 2577 δὲ
1051 2513 1169 2595 σῆς
1199 2515 1421 2596 φυγῆς
1448 2506 1805 2597 ἐπώνυμον

528 2604 786 2692 Ἀζᾶσιν
807 2606 1120 2700 Ἀρκάσιν
1147 2608 1213 2680 τ’
1239 2607 1613 2701 Ὀρέστειον
1640 2618 1933 2697 [καλεῖν].

533 2714 816 2783 ἐνθένδε
845 2710 913 2781 δ’
945 2712 1170 2783 ἐλθὼν
1199 2712 1325 2801 τὴν
1345 2711 1729 2800 Ἀθηναίων
1756 2712 1954 2781 πόλιν

530 2819 731 2901 δίκην
758 2813 1044 2903 ὑπόσχες
1084 2820 1355 2902 αἵματος
1381 2811 1835 2903 μητροκτόνου

530 2912 862 3002 Εὐμενίσι
891 2932 1189 3005 τρισσαῖς
1207 2938 1222 2952 ·
1253 2918 1411 2984 θεοὶ
1439 2918 1520 2984 δέ
1541 2937 1649 2984 σοι
1680 2920 1870 3002 δίκης
1886 2916 2145 3003 βραβῆς
2176 2932 2315 2986 1650

535 3016 850 3102 πάγοισιν
878 3022 953 3087 ἐν
974 3014 1329 3105 ’Λρείοισιν
1357 3014 1839 3105 εὐσεβεστάτην

533 3124 764 3205 ψῆφον
793 3116 1146 3205 διοίσουσ’,
1178 3125 1349 3188 ἔνθα
1377 3126 1651 3207 νικῆσαί
1683 3139 1758 3188 σε
1784 3118 1931 3209 χρή.

534 3216 644 3305 ἐφ’
678 3211 757 3307 ἧς
786 3219 852 3291 δ’
887 3229 1086 3309 ἔχεις,
1110 3217 1412 3309 Ὀρέστα,
1443 3221 1795 3308 φάσγανον
1822 3224 2003 3309 δέρῃ,

537 3328 743 3409 γῆμαι
772 3327 1121 3414 πέπρωταί
1142 3320 1208 3392 σ’
1246 3320 1634 3413 Ἑρμιόνην·
1665 3319 1739 3404 ὃς
1770 3321 1838 3392 δ’
1870 3332 2076 3392 οἴεται

535 3424 930 3513 Νεοπτόλεμ
1024 3496 1032 3505 ,
1077 3441 1272 3514 αμεῖν
1298 3453 1444 3511 νιν,
1475 3422 1571 3493 οὐ.
1587 3440 1791 3510 γαμεῖ
1813 3450 1987 3493 ποτε.
2175 3438 2313 3493 1655

541 3534 780 3597 θανεῖν
808 3527 889 3615 γὲ
1093 3536 1148 3595 ὤ
1203 3541 1403 3616 μοῖρα
1429 3532 1753 3618 Δελφικῷ
1782 3529 1980 3612 ξίφει,

1432 3732 1435 3737 .
2183 3762 2195 3767 -
2252 3708 2269 3771 (ι

753 3738 801 3887 ί
