2534 3917
206 3002 359 3062 ME.

1024 175 1456 236 ΤΡΩΙΑΔΕΣ
2083 175 2207 240 373

428 349 505 410 αἳ
534 342 609 411 δὲ
641 345 925 432 ματέρας
959 345 1247 435 γεραιάς.

432 443 509 512 τὰ
541 445 616 513 δὲ
650 443 735 514 σὰ
770 445 1134 533 δροσόεντα
1169 445 1421 536 λουτρὰ

429 554 821 636 γυμνασίων
850 574 921 615 τε
954 547 1193 636 δρόμοι

429 655 697 737 βεβᾶσι’
736 647 823 718 σὺ
860 650 936 718 δὲ
969 650 1292 739 πρόσωπα
1327 677 1486 720 νεα-
2107 669 2209 725 835

428 748 513 839 ρά
547 749 769 839 χάρισι
798 750 979 840 παρὰ
1010 751 1177 832 Διὸς
1207 752 1486 842 θρόνοις

432 852 885 939 καλλιγάλανα
910 857 1177 943 τρέφεις
1192 877 1206 890 ·

434 953 771 1043 Πριάμοιο
808 954 884 1024 δὲ
913 971 1115 1044 γαῖαν

424 1053 651 1136 Ἑλλὰς
688 1053 885 1126 ὤλεσ’
926 1058 1144 1146 αἰχμά.

406 1155 621 1247 Ἕρως
635 1155 882 1250 Ἔρως,
920 1155 994 1239 ὃς
1028 1158 1108 1228 τὰ
1140 1170 1335 1249 Δαρ-
1931 1159 2069 1231 ἀντ.
2105 1177 2208 1232 840

426 1261 660 1330 δάνεια
693 1261 999 1351 μέλαθρά
1034 1258 1184 1331 ποτ’
1226 1253 1434 1350 ἦλθες

428 1359 854 1452 οὐρανίδαισι
882 1366 1103 1450 μέλων
1120 1385 1135 1400 ·

431 1461 519 1544 ὥς
553 1463 700 1533 τότε
733 1465 858 1552 μὲν
890 1465 1191 1554 μεγάλως

439 1574 688 1656 Τροίαν
722 1565 1148 1656 ἐπύργωσας,
1184 1578 1452 1636 θεοῖσιν

426 1676 626 1758 κῆδος
656 1665 1099 1757 ἀναψάμενος.
1136 1668 1209 1738 τὸ
1244 1669 1369 1757 μὲν
1409 1659 1534 1738 οὖν
1562 1668 1732 1751 Διὸς
2103 1683 2204 1739 845

430 1769 653 1840 οὐκέτ’
694 1769 960 1853 ὄνειδος
999 1775 1162 1861 ἐρῶ·

432 1871 505 1943 τὸ
535 1881 648 1954 τᾶς
683 1873 759 1942 δὲ
787 1874 1235 1961 λευκοπτέρου

430 1973 677 2066 ἁμέρας
707 1983 939 2062 φίλιον
968 1981 1233 2064 βροτοῖς

435 2081 682 2166 φέγγος
715 2075 915 2147 ὀλοὸν
950 2077 1086 2146 εἶδε
1114 2091 1336 2164 γαῖαν,
2103 2090 2206 2144 85Ο

433 2179 569 2248 εἶδε
600 2178 962 2268 περγάμων
988 2175 1302 2269 ὄλεθρον,

428 2275 825 2352 τεκνοποιὸν
861 2289 1101 2370 ἔχουσα
1127 2286 1330 2350 τᾶσδε

430 2390 551 2471 γᾶς
586 2383 785 2453 πόσιν
819 2387 892 2453 ἐν
920 2383 1273 2471 θαλάμοις,
1319 2474 1322 2476 v

432 2482 512 2555 ὃν
546 2481 844 2575 ἀστέρων
870 2487 1239 2572 τέθριππος
1267 2492 1422 2554 ἔλα·
2104 2500 2206 2555 855
2286 2563 2288 2566 y

428 2596 506 2676 βε
540 2586 820 2676 χρύσεος
850 2583 1003 2674 ὄχος
1035 2583 1445 2676 ἀναρπάσας,

431 2693 667 2758 ἐλπίδα
701 2696 788 2780 γᾷ
823 2695 1069 2780 πατρία

436 2791 762 2881 μεγάλαν·
798 2788 879 2858 τὰ
906 2797 1093 2859 θεῶν
1121 2790 1197 2858 δὲ

433 2901 679 2983 φίλτρα
707 2897 976 2980 φροῦδα
1013 2899 1239 2982 Τροία.

430 3023 481 3062 ω
519 2995 959 3082 καλλιφεγγὲς
986 2989 1185 3085 ἡλίου
1212 2995 1408 3073 σέλας
1437 2991 1612 3080 τόδε,
2108 3005 2212 3061 860

432 3101 506 3165 ἐν
543 3125 595 3164 ω
626 3095 930 3186 δάμαρτα
960 3095 1084 3184 τὴν
1111 3093 1279 3183 ἐμὴν
1305 3094 1707 3186 χειρώσομαι

438 3165 766 3288 [Ελένην·
816 3201 850 3268 ὁ
881 3225 1009 3286 γαρ
1042 3199 1123 3285 δὴ
1158 3201 1374 3267 πολλὰ
1402 3203 1750 3286 μοχθήσας
1782 3203 1912 3282 ἐγὼ

431 3298 786 3378 Μενέλαός
814 3304 948 3384 εἰμι
983 3298 1095 3365 καὶ
1125 3294 1481 3385 στράτευμ’
1514 3295 1869 3384 Ἀχαϊκόν]

434 3391 654 3488 ἦλθον
682 3399 757 3468 δὲ
793 3404 1042 3487 Τροίαν
1071 3425 1195 3486 ουχ
1223 3395 1387 3468 ὅσον
1417 3405 1702 3468 δοκοῦσί
1722 3426 1804 3486 με

436 3499 757 3588 γυναικὸς
813 3496 1046 3586 εινεκ’,
1076 3497 1223 3569 ἀλλ’
1256 3499 1364 3569 ἐπ’
1402 3497 1598 3588 ανδρ’
1635 3497 1708 3580 ὃς
1735 3503 1798 3581 ἐξ
1831 3503 2009 3588 ἐμων
2111 3511 2216 3566 865
