2534 3917
236 2421 381 2481 XO.

233 3026 387 3086 HA.

238 3432 369 3494 ΟΡ.

1076 209 1461 267 ΟΡΕΣΤΗΣ
2123 210 2246 275 281

473 378 672 469 ᾐόσιν
701 376 1139 469 ἁρματεύσας.

471 480 642 551 ὅθεν
669 480 933 568 δόμοισι
957 496 1094 561 τοῖς
1125 479 1306 567 ἐμοῖς
2144 501 2249 555 995

473 578 634 671 ἦλθ’
673 580 805 673 ἆρὰ
831 580 1260 667 πολύστονος,

470 686 761 773 λόχευμα
795 689 1161 770 ποιμνίοισι
1186 681 1500 763 Μαιάδος
1525 681 1752 771 τόκου,

471 786 545 856 τὸ
572 782 1039 877 χρυσόμαλλον
1073 780 1277 874 άρνός
1304 780 1494 854 ὁπότ’

468 891 726 976 ἐγένετο
760 888 952 976 τέρας
980 880 1180 955 ὀλοὸν
1214 881 1414 954 ὀλοὸν

460 987 719 1079 Ἀτρέος
752 985 1129 1075 ἱπποβώτα·
2107 1008 2245 1061 1000

474 1088 643 1160 ὅθεν
654 1090 840 1182 Ἔρις
870 1088 948 1159 τό
975 1116 1047 1159 τε
1074 1087 1415 1178 πτερωτὸν

469 1190 665 1264 ἁλίου
698 1194 1060 1282 μετέβαλεν
1090 1187 1289 1279 ἅρμα,

466 1294 590 1364 τάν
615 1293 783 1385 πρὸς
810 1296 1096 1383 ἑσπέραν
1126 1294 1460 1361 κέλευθον

470 1393 768 1486 ούρανοῦ
796 1392 1314 1486 προσαρμόσασα

473 1497 872 1584 μονόπωλον
902 1499 969 1578 ἐς
988 1493 1137 1583 Ἀῶ,

468 1599 847 1690 ἑπταπόρου
874 1626 946 1667 τε
980 1598 1288 1688 δρόμημα
1316 1595 1685 1679 Πελειάδος
2105 1618 2241 1671 1005

470 1707 563 1782 εἰς
590 1698 756 1771 ὁδὸν
783 1697 994 1769 ἄλλαν
1021 1698 1194 1780 Ζεύς
1217 1699 1636 1788 μεταβάλλει,

466 1806 685 1872 τῶνδέ
703 1799 766 1871 τ’
799 1798 1059 1890 ἀμείβει
1087 1797 1192 1870 ἀεὶ
1215 1800 1556 1881 θανάτους
1582 1801 1805 1870 θανά-

468 1931 606 1974 των
635 1902 718 1974 τά
747 1900 810 1972 τ’
847 1903 1166 1990 ἐπώνυμα
1195 1906 1436 1972 δεῖπνα
1468 1904 1768 1972 Θυέστου

469 2009 708 2096 λέκτρα
735 2033 808 2075 τε
838 2003 1152 2096 Κρήσσας
1184 2000 1502 2093 Ἀερόπας
1531 2008 1719 2073 δολί-

467 2136 545 2189 ας
571 2114 852 2177 δολίοισι
881 2104 1146 2195 γάμοις·
1176 2104 1259 2174 τὰ
1286 2104 1672 2175 πανύστατα
1704 2102 1770 2174 δ’
2109 2125 2241 2178 1010

471 2217 564 2290 εἰς
589 2210 703 2296 ἐμὲ
728 2210 842 2278 καὶ
874 2210 1154 2297 γενέταν
1179 2205 1343 2295 ἐμὸν
1373 2205 1592 2295 ἤλυθε

470 2309 698 2398 δόμων
724 2309 1131 2390 πολυπόνοις
1161 2306 1501 2398 ἀνάγκαις.

463 2415 575 2481 καὶ
599 2411 734 2502 μὴν
745 2407 882 2482 ’ὅδε
915 2409 1031 2493 σὸς
1053 2409 1382 2500 σύγγονος
1411 2414 1597 2501 ἕρπει

464 2513 673 2605 ψήφῳ
700 2512 1007 2584 θανάτου
1031 2519 1562 2601 κατακυρωθείς,

470 2612 512 2684 ὅ
534 2642 608 2685 τε
634 2615 1020 2695 πιστότατος
1047 2613 1322 2683 πάντων
1354 2612 1673 2700 Πυλάδης
1744 2604 1749 2610 “

468 2716 824 2806 ἰσάδελφος
851 2713 1059 2806 ἀνήρ,
1168 2795 1197 2818 .
2105 2735 2238 2786 1015

471 2819 809 2898 ε’ξυθύνων
839 2817 1128 2903 νοσερὸν
1157 2823 1417 2903 κῶλον,

468 2922 627 2989 ποδὶ
653 2918 1010 3010 κηδοσύνῳ
1037 2917 1461 3008 παράσειρος.

467 3024 538 3089 οἳ
557 3017 682 3109 ’γαὶ
699 3042 713 3058 ·
745 3019 874 3112 πρὸ
908 3020 1171 3109 τύμβου
1197 3020 1327 3111 γάρ
1356 3016 1422 3089 σ’
1456 3014 1668 3109 ὁρῶσ’
1701 3018 2065 3108 ἀναστένω,

466 3118 752 3213 ἀδελφέ,
781 3125 896 3193 καὶ
924 3122 1212 3213 πάροιθε
1237 3124 1573 3211 νερτέρων
1600 3130 1837 3214 πυρᾶς.

469 3228 538 3292 οἲ
563 3220 686 3311 ’γώ
715 3221 869 3312 μάλ’
907 3214 1111 3305 αὖθις
1131 3245 1146 3260 ·
1178 3220 1268 3305 ὥς
1293 3222 1363 3294 σ’
1398 3220 1617 3294 ίδοῦσ’
1650 3228 1727 3295 ἐν
1753 3221 2001 3313 ὄμμασι
2108 3239 2239 3292 1020

467 3326 895 3415 πανυστάτην
923 3325 1258 3415 πρόσοψιν
1285 3328 1551 3415 ἐξέστην
1579 3333 1871 3417 φρενῶν.

460 3422 544 3496 οὗ
574 3423 710 3514 σῖγ’
746 3423 991 3515 ἀφεῖσα
1018 3424 1177 3505 τοὺς
1207 3434 1639 3513 γυναικείους
1666 3426 1867 3516 γόους
