2534 3917
2494 34 2497 177 ῐ

367 176 456 239 32
807 176 1268 235 ΙΦΙΓΕΝΕΙΑ
1313 176 1383 232 Η
1419 176 1539 233 ΕΝ
1580 176 1895 233 ΑΥΛΙΔΙ

373 354 519 416 ΚΛ.
600 349 817 428 δεξιᾶς
847 346 1032 413 ἕκατι
1058 340 1148 431 μὴ
1177 340 1368 431 μέλλ’
1390 394 1409 429 ,
1440 352 1510 412 εἴ
1527 350 1598 411 τί
1619 371 1731 431 μοι
1758 341 2017 433 χρῄζεις
2042 346 2291 433 λέγειν.

373 456 512 517 ΠΡ.
598 445 803 517 οἶσθα
845 444 1014 534 δῆτά
1057 442 1127 533 μ’
1174 442 1357 526 ὅστις
1398 440 1497 514 ὢν
1544 448 1651 514 σοὶ
1692 446 1806 514 καὶ
1846 449 2106 526 τέκνοις
2149 444 2408 532 εὔνους
2496 420 2499 563 Ν

1292 554 1491 636 ἔφυν.

375 661 518 723 ΚΛ.
601 650 755 723 οἶδά
784 649 848 721 σ’
883 647 1029 722 ὅντ’
1065 654 1196 739 ἐγὼ
1226 646 1516 720 παλαιὸν
1543 650 1874 739 δωμάτων
1914 655 2096 740 ἐμῶν
2137 654 2405 745 λάτριν.

373 764 514 825 ΠΡ.
599 751 761 843 χῶτι
786 750 858 842 μ’
892 757 967 823 ἐν
995 767 1138 835 ταῖς
1162 768 1347 823 σαῖσι
1376 768 1659 843 φερναῖς
1687 760 1929 842 ἔλαβεν
1962 750 2406 843 Ἀγαμέμνων
2498 806 2501 955 Ι

569 926 582 933 -
1293 851 1478 937 ἄναξ.

374 969 521 1031 ΚΛ.
604 950 817 1048 ἦλθες
846 964 941 1039 εἰς
961 955 1208 1050 ’Ἄργος
1235 953 1387 1048 μεθ’
1422 953 1616 1046 ἡμῶν
1643 954 1853 1047 κάμὸς
1879 950 2033 1047 ἦσθ’
2066 957 2177 1029 ἀεί
2212 986 2401 1031 ποτε.
2499 972 2500 975 ’

371 1071 514 1132 ΠΡ.
604 1052 729 1131 αἵδ’
777 1068 934 1148 ἔχει.
989 1062 1104 1130 καὶ
1144 1063 1255 1130 σοὶ
1290 1060 1415 1148 μὲν
1460 1056 1705 1141 εὔνους
1747 1067 1916 1149 εἰμί,
1948 1069 2045 1153 σῷ
2074 1058 2139 1131 δ’
2184 1052 2403 1151 ἧσσον

1290 1159 1505 1234 πόσει.
2298 1180 2399 1236 871

373 1276 521 1337 ΚΛ.
607 1265 977 1337 ἐκκάλυπτε
1003 1275 1139 1335 νῦν
1159 1262 1321 1333 ποθ’
1346 1257 1506 1347 ἡμῖν
1527 1264 1841 1341 οὕστινας
1861 1268 2114 1351 στέγεις
2128 1264 2400 1353 λόγους.
2500 1192 2503 1357 ἱ

373 1378 515 1439 ΠΡ.
601 1374 808 1439 παῖδα
822 1365 954 1456 σὴν
969 1367 1185 1456 πατήρ
1211 1363 1249 1435 ὁ
1282 1365 1506 1455 φύσας
1533 1361 1845 1457 αὐτόχειρ
1861 1370 2087 1454 μέλλει
2099 1383 2398 1437 κτανεῖν.
2501 1378 2502 1391 *

379 1479 522 1541 KA.
605 1477 782 1553 πῶς;
837 1464 1192 1556 ἄπέπτυσ’,
1249 1460 1306 1537 ὦ
1358 1473 1617 1560 γεραιέ,
1673 1475 1935 1557 μῦθον·
1994 1464 2076 1538 ού
2132 1466 2259 1559 γὰρ
2314 1462 2402 1539 εὖ

1297 1586 1593 1662 φρονεῖς.

375 1685 516 1745 ΠΡ.
604 1673 933 1766 φασγάνῳ
961 1672 1214 1762 λευκὴν
1229 1672 1551 1763 φονεύων
1577 1679 1693 1762 τῆς
1722 1674 2152 1765 ταλαιπώρου
2164 1677 2397 1765 δέρην.
2502 1579 2505 1797 5

381 1785 523 1849 KA.
608 1767 666 1846 ὦ
693 1772 953 1846 τάλαιν’
991 1776 1143 1866 ἐγώ.
1173 1772 1485 1865 μεμηνώς
1512 1768 1643 1866 ἆρα
1668 1774 1985 1863 τυγχάνει
2012 1775 2239 1860 πόσιςς
2291 1791 2401 1848 876
2502 1800 2504 1821 ·

377 1889 517 1950 ΠΡ.
601 1875 991 1970 ἀρτίφρων,
1021 1878 1196 1969 πλὴν
1225 1886 1320 1961 εἰς
1362 1879 1438 1948 σε
1477 1881 1589 1950 καὶ
1630 1876 1759 1967 σὴν
1804 1884 2042 1949 παῖδα·
2087 1884 2283 1949 τοῦτο
2324 1875 2395 1947 δ’

1288 1978 1375 2051 οὐ
1405 1996 1666 2072 φρονεῖ.
2504 1964 2507 2085 1

378 2094 522 2176 ΚΛ.
596 2090 671 2157 ἐκ
698 2095 881 2167 τίνος
908 2085 1152 2173 λόγους
1183 2092 1284 2166 τίς
1311 2080 1524 2155 αὐτὸν
1551 2080 1873 2173 οὑπάγων
1899 2080 2326 2173 ἇλαστόρων;

379 2198 518 2258 ΠΡ.
604 2184 939 2275 θέσφαθ’,
1011 2182 1100 2267 ὥς
1154 2188 1236 2274 γέ
1286 2207 1454 2275 φησι
1506 2187 1805 2275 Κάλχας,
1863 2192 1975 2255 ἵνα
2025 2183 2403 2274 πορεύηται

1294 2309 1373 2357 στ
1419 2316 1499 2357 ατ
1520 2294 1537 2317 ’
1580 2348 1594 2361 .

384 2399 523 2462 ΚΛ.
609 2406 730 2461 ποῖ
741 2422 758 2471 3
805 2387 1066 2460 τάλαιν’
1125 2390 1291 2479 ἐγώ,
1350 2317 1628 2460 &aazia
1670 2388 1736 2460 δ’
1783 2387 1869 2478 ἣν
1910 2385 2124 2479 πατὴρ
2166 2390 2401 2478 μέλλει

1296 2509 1588 2563 κτανεῖν.
2294 2509 2401 2563 880

380 2605 520 2666 ΠΡ.
607 2594 980 2686 Δαρδάνου
1009 2594 1177 2687 πρὸς
1204 2592 1503 2684 δώμαθ’,
1524 2591 1799 2684 Ἑλένην
1824 2597 2189 2675 Μενέλεως
2215 2590 2399 2673 ὅπως

1295 2697 1384 2768 λά
1474 2752 1488 2766 .

381 2811 524 2873 ΚΛ.
608 2808 703 2883 εἰς
759 2797 874 2891 ἄρ’
923 2798 1325 2889 Ἰφιγένειαν
1366 2707 1635 2889 {gam
1685 2798 1921 2881 νόστος
1978 2790 2070 2888 ἦν
2125 2824 2397 2891 πεπρω-

1344 2906 1455 2972 ένο
1509 2933 1525 2950 ·

379 3016 517 3076 ΠΡ.
600 3001 797 3076 πάντ’
846 3012 1049 3093 ἔχεις·
1099 2930 1432 3097 Ἀρτέὲιδι
1453 2932 1717 3130 ἴθ’ύσειν
1756 3010 1965 3075 παῖδα
2006 3003 2136 3093 σὴν
2174 3006 2401 3093 μέλλει

955 3135 958 3138 ·
1295 3134 1426 3178 πατ
1518 3162 1533 3177 .

384 3218 524 3281 ΚΛ.
607 3207 643 3279 ὁ
675 3211 754 3281 δὲ
781 3209 989 3300 γάμος
1031 3227 1306 3302 παρεῖχε
1335 3138 1719 3300 πρόεῖασιν,
1763 3215 1809 3300 ἥ
1865 3206 1937 3299 μ’
1984 3208 2294 3299 ἐκόμισεν
2323 3210 2403 3275 ἐκ

1293 3311 1561 3402 δόμων;

386 3423 519 3485 ΠΡ.
601 3412 695 3483 ἵν’
730 3412 1004 3503 ἀγάγοις
1029 3413 1335 3506 χαίρουσ’
1362 3414 1651 3503 Ἀχιλλεῖ
1672 3421 1881 3485 παῖδα
1906 3412 2406 3503 νυμφεύσουσα

1294 3518 1443 3599 σήν.
2296 3529 2410 3587 885
