2534 3917
296 1787 432 1848 Xo.

291 2093 459 2153 MH.

295 3009 414 3068 [A.

1107 188 1462 246 ΜΗΔΕΙΑ
2172 187 2297 250 213

523 361 764 437 παῖδας
795 357 872 426 δὲ
897 352 1226 444 θρίψαιμ’
1259 353 1461 438 ἀξίως
1491 356 1721 445 δόμων
1750 361 1929 446 ἐμῶν

519 464 795 548 σπείρας
813 453 863 528 τ’
895 455 1234 548 ἀδελφοὺς
1261 473 1477 528 τοῖσιν
1506 463 1579 529 ἐκ
1606 461 1812 529 σέθεν
1839 463 2097 542 τέκνοις

523 560 645 642 [εἰς
672 556 877 625 ταύτὸ
906 563 1107 644 θείην
1138 559 1250 625 καὶ
1283 561 1704 643 ξυναρτήσας
1744 561 1968 642 γένος]

522 656 1024 748 εὐδαιμονοίην.
1068 667 1183 728 σοί
1203 685 1276 727 τε
1305 656 1434 747 γὰρ
1462 666 1727 730 παίδων
1755 668 1826 730 τί
1848 668 1975 750 δεῖ,
2199 681 2299 736 565

524 766 679 849 ἐμοί-
695 787 768 830 τε
793 761 942 831 λύει
967 776 1139 832 τοῖσι
1166 763 1526 848 μέλλουσιν
1554 764 1812 842 τέκνοις

519 860 600 931 τὰ
627 859 820 947 ζῶντ’
852 859 1113 951 ὀνῆσαι.
1142 868 1291 950 μῶν
1318 864 1771 952 βεβούλευμαι
1797 873 2053 948 κακῶςς

521 961 674 1034 οὐδ’
707 959 791 1033 ἂν
818 963 906 1033 σὺ
934 972 1170 1054 φαίης,
1205 974 1273 1032 εἴ
1291 985 1368 1033 σε
1393 963 1483 1054 μὴ
1512 973 1723 1050 κνίζοι
1750 968 1955 1054 λέχος.

523 1062 670 1134 ἀλλ’
705 1073 798 1147 εἰς
823 1073 1142 1137 τοσοῦτον
1171 1062 1367 1154 ῆκεθ’
1402 1063 1559 1136 ὥστ’
1592 1064 2017 1158 ὀρθουμένης

527 1164 728 1255 εὐνῆς
758 1182 1074 1256 γυναῖκες
1101 1164 1298 1235 πάντ’
1332 1174 1507 1254 ἔχειν
1533 1177 1851 1256 νομίζετε,
2196 1187 2296 1240 570

525 1263 611 1357 ἦν
638 1266 702 1338 δ’
735 1260 826 1349 αὖ
852 1273 1123 1357 γένηται
1150 1270 1463 1359 ξυμφορά
1488 1294 1588 1350 τις
1616 1277 1709 1350 είς
1735 1273 1945 1358 λε’χος,

520 1370 599 1439 τὰ
619 1378 838 1464 λῷστα
866 1374 978 1441 καὶ
1007 1372 1325 1442 κάλλιστα
1356 1372 1812 1460 πολεμιώτατα

524 1480 827 1542 τίθεσθε.
856 1480 1026 1563 χρῆν
1055 1471 1166 1563 ἄρ’
1201 1470 1493 1543 ἄλλοθέν
1520 1485 1738 1544 ποθεν
1765 1473 2049 1565 βροτοὺς

523 1581 766 1655 παῖδας
791 1582 1235 1663 τεκνοῦσθαι,
1265 1583 1451 1665 θῆλυ
1479 1572 1543 1645 δ’
1580 1574 1707 1646 οὐκ
1740 1575 1911 1646 εἶναι
1938 1579 2133 1664 γένος
2151 1600 2164 1612 ·

518 1674 774 1764 χοῦτως
801 1673 885 1746 ἂν
913 1675 1040 1746 οὐκ
1068 1669 1156 1765 ἦν
1181 1674 1388 1747 οὐδὲν
1416 1675 1806 1768 ἀνθρώποις
1834 1679 2063 1750 κακόν.
2195 1695 2294 1750 575

513 1776 760 1866 Ἰᾶσον,
798 1769 878 1848 εὖ
904 1779 1028 1866 μὲν
1053 1777 1287 1848 τούσδ’
1322 1779 1689 1868 ἐκόσμησας
1716 1780 1989 1867 λόγους·

518 1877 696 1969 ὅμως
727 1877 792 1949 δ’
827 1887 1072 1969 ἔμοιγε,
1101 1887 1210 1950 κεί
1231 1878 1412 1971 παρὰ
1437 1881 1711 1970 γνώμην
1735 1886 1887 1972 ἐρῶ,

523 1989 741 2064 δοκεῖς
768 1981 1063 2073 προδοὺς
1091 1981 1218 2070 σὴν
1247 1980 1489 2070 ἄλοχον
1516 1981 1599 2054 οὐ
1628 1989 1855 2054 δίκαια
1884 1989 2075 2074 δρᾶν.

520 2076 563 2174 ἦ
592 2083 806 2154 πολλὰ
833 2093 1103 2165 πολλοῖς
1131 2091 1265 2172 εἰμι
1294 2085 1616 2175 διάφορος
1643 2091 1925 2174 βροτῶν.

524 2189 668 2274 ἐμοὶ
687 2184 816 2275 γὰρ
843 2184 1025 2267 ὅστις
1053 2183 1283 2266 ἄδικος
1312 2181 1409 2255 α’)’ν
1435 2184 1642 2274 σοφὸς
1672 2190 1893 2274 λέγειν
2194 2202 2296 2256 580

524 2293 818 2376 πέφυκε,
849 2297 1168 2377 πλείστην
1193 2295 1430 2376 ζημίαν
1459 2286 1854 2376 ὀφλισκάνει
1871 2311 1886 2325 ·

523 2391 788 2480 γλώσσῃ
817 2390 945 2481 γὰρ
975 2389 1206 2479 αὐχῶν
1233 2387 1453 2460 τᾶδικ’
1487 2383 1567 2461 εὖ
1595 2399 2031 2481 περιστελεῖν,

523 2500 731 2585 τολμᾷ
757 2509 1172 2581 πανουργεῖν
1190 2515 1203 2530 ·
1236 2499 1374 2563 ἔστι
1402 2490 1469 2561 δ’
1503 2490 1630 2564 οὐκ
1660 2491 1833 2581 ἄγαν
1860 2491 2090 2582 σοφός.

526 2590 616 2675 ὥς
642 2596 755 2664 καὶ
780 2593 868 2664 σύ
896 2597 988 2683 μή
1014 2623 1146 2665 νυν
1175 2602 1267 2674 είς
1299 2591 1403 2681 ἔμ’
1439 2592 1789 2683 εὐσχήμων
1815 2597 1993 2684 γένῃ·

526 2699 746 2784 λέγειν
773 2723 846 2766 τε
873 2697 1094 2776 δεινός
1111 2718 1125 2733 ·
1158 2701 1234 2765 ἓν
1262 2693 1391 2783 γὰρ
1422 2698 1677 2765 ἐκτενεῖ
1698 2693 1763 2778 σ’
1799 2702 1971 2774 ἔπος.
2196 2713 2297 2766 585

522 2806 692 2888 χρῆν
719 2795 810 2886 σ’,
841 2808 1028 2887 εἰπερ
1055 2789 1238 2886 ἦσθα
1265 2795 1355 2884 μὴ
1387 2797 1622 2885 κακός,
1653 2797 1977 2866 πείσαντα
2013 2824 2095 2884 με

523 2917 764 2989 γαμεῖν
789 2900 1005 2988 γάμον
1029 2897 1242 2986 τόνδ’,
1274 2895 1442 2968 ἀλλὰ
1469 2899 1558 2987 μὴ
1589 2905 1743 2990 σιγῇ
1773 2905 2012 2986 φίλων.

522 3010 742 3084 καλῶς
768 2999 840 3090 γ’
872 3002 993 3090 ἄν,
1031 3003 1241 3091 οἶμαι,
1281 2998 1442 3093 τῷδ’
1475 2998 1827 3090 ὑπηρέτεις
1853 3001 2051 3093 λόγῳ,

527 3116 593 3175 εἴ
612 3128 721 3176 σοι
746 3104 962 3193 γάμον
990 3119 1341 3190 κατεῖπον,
1372 3100 1514 3191 ἥτις
1544 3101 1706 3174 οὐδὲ
1732 3109 1865 3172 νῦν

523 3215 768 3300 τολμᾷς
792 3218 1103 3295 μεθεῖναι
1129 3212 1410 3295 καρδίας
1437 3208 1647 3294 μέγαν
1674 3205 1891 3293 χόλον.
2199 3218 2300 3273 590

295 3317 463 3377 ΜΗ.
521 3307 605 3379 οὐ
633 3309 835 3380 τοῦτό
862 3307 922 3377 σ’
959 3309 1167 3396 εἶχεν,
1200 3303 1369 3376 ἀλλὰ
1397 3309 1743 3396 βάρβαρον
1769 3308 1957 3393 λέχος

301 3520 416 3580 IA.

527 3409 694 3496 πρὸς
721 3417 928 3499 γῆρας
957 3408 1083 3480 οὐκ
1113 3406 1392 3490 εὔδοξον
1419 3411 1718 3495 ἑξέβαινέ
1740 3430 1868 3478 σοι.

525 3503 605 3582 εὖ
630 3541 762 3581 νυν
790 3508 932 3581 τόδ’
967 3521 1146 3599 ἴσθι,
1176 3509 1266 3598 μὴ
1296 3507 1618 3599 γυναικὸς
1649 3512 1874 3580 εἵνεκα
