2534 3917
350 161 435 224 82
793 162 1256 220 ΙΦΙΓΕΝΕῙΑ
1299 163 1364 218 H
1407 163 1530 220 EN
1575 162 1940 220 ΤΛΤΡΟΙΣ

591 343 787 401 οἴσω·
819 329 893 399 τό
922 332 1150 418 μέντοι
1180 329 1508 418 δυσμενὲς
1534 327 1624 417 μὴ
1659 325 1818 417 ’μοῦ
1851 329 2080 420 λάβῃς.

586 428 959 523 φυλάσσετ’
990 427 1277 519 αὐτούς,
1307 431 1714 520 πρόσπολοι,
1758 438 2028 520 δεσμῶν
2056 429 2242 524 ἄτερ.

586 547 745 616 ἴσως
773 532 1024 605 ἄελπτα
1051 541 1189 604 τῶν
1218 537 1398 622 ἐμῶν
1425 541 1650 622 φίλων
1675 536 1811 603 τινὶ

584 642 823 727 πέμψω
852 636 1023 728 πρὸς
1040 635 1321 724 Ἄργος,
1352 633 1433 706 ὃν
1459 633 1722 725 μάλιστ’
1761 634 1891 726 ἐγὼ
1926 645 2127 725 φιλῶ,
2287 657 2401 712 640

585 744 698 811 καὶ
727 743 957 821 δέλτος
984 736 1167 831 αὐτῷ
1196 747 1445 823 ζῶντας
1472 735 1593 819 οὓς
1621 746 1815 809 δοκεῖ
1849 751 2096 810 θανεῖν

585 846 877 932 λέγουσα
906 840 1139 923 πιστὰς
1166 838 1416 929 ἡδονὰς
1445 837 1831 930 ἀπαγγελεῖ.

358 957 497 1018 ΧΟ.
582 948 1199 1034 καταλοφυρόμεθα
1243 943 1320 1009 σὲ
1363 943 1482 1008 τὸν
1527 946 1859 1027 χερνίβων
2225 965 2382 1030 στρ.

588 1052 812 1135 ῥανίσι
852 1054 882 1090 *
910 1053 939 1088 *
970 1053 999 1089 *

584 1152 956 1239 μελόμενον
985 1154 1354 1237 αἱμακταῖς.
1403 1181 1410 1186 ·
2281 1167 2393 1220 645

360 1263 489 1322 ΟΡ.
593 1253 810 1335 οἶκτος
840 1251 968 1341 γὰρ
1000 1248 1083 1320 οὗ
1113 1246 1334 1335 ταῦτ’,
1366 1247 1535 1318 ἄλλα
1560 1246 1841 1338 χαίρετ’,
1873 1241 1928 1318 αἶ
1957 1252 2167 1332 ξέναι.

356 1367 497 1426 XO.
581 1357 656 1425 σὲ
686 1356 762 1424 δὲ
790 1356 993 1442 τύχας
1018 1353 1348 1442 μάκαρος,
1382 1351 1460 1420 ἰώ
1490 1359 1752 1438 νεανία,
2223 1354 2375 1418 άντ.
2417 1377 2470 1449 Q

585 1453 935 1546 σεβόμεθ’,
968 1462 1062 1536 εἰς
1089 1455 1352 1544 πάτραν

588 1556 691 1629 ὅτι
720 1555 879 1628 πόδ’
914 1558 1297 1646 ἐπεμβάσει.

358 1673 501 1732 ΠΥ.
588 1659 792 1750 ἄζηλά
823 1688 925 1730 τοι
958 1667 1221 1749 φίλοισι
1236 1691 1263 1748 ,·
1287 1659 1731 1747 θνησκόντων
1759 1667 2004 1747 φίλων.
2275 1677 2391 1730 650

359 1775 497 1836 ΧΟ.
586 1755 642 1834 ὦ
670 1766 957 1852 σχέτλιοι
986 1769 1263 1851 πομπαί.

588 1875 723 1956 φεῦ
754 1873 924 1955 φεῦ,
957 1865 1330 1936 διόλλυσαι.

588 1978 735 2040 αἰαῖ·
760 1976 921 2040 αἰαῖ.

588 2073 870 2162 πότερος
899 2068 936 2140 ὁ
965 2072 1263 2159 μέλλων;

588 2183 683 2244 ἔτι
713 2172 841 2262 γὰρ
872 2170 1216 2259 ἀμφίλογα
1244 2176 1499 2258 δίδυμα
1528 2173 1773 2259 μέμονε
1805 2168 2004 2259 φρήν,
2268 2185 2387 2238 655

587 2276 663 2346 σὲ
692 2276 904 2365 πάρος
933 2269 979 2361 ἦ
1007 2271 1060 2342 σ’
1096 2271 1519 2356 ἀναστενάξω
1549 2272 1756 2362 γόοις.

362 2386 491 2447 ΟΡ.
586 2377 909 2464 Πυλάδη,
940 2379 1290 2456 πέπονθας
1318 2373 1528 2445 ταύτὰ
1557 2373 1725 2464 πρὸς
1755 2379 1941 2444 θεῶν
1971 2375 2119 2460 ἐμοί
2132 2403 2149 2455 ;
2189 2395 2201 2399 ’

358 2491 424 2548 Π
432 2491 500 2548 Y.
587 2478 713 2549 οὐκ
744 2475 875 2548 οἶδ’
898 2500 913 2515 ·
946 2481 1197 2570 ἐρωτᾷς
1225 2474 1309 2548 οὗ
1339 2481 1562 2566 λέγειν
1597 2477 1833 2565 ἔχοντά
1860 2503 1962 2564 με.
2501 2439 2504 2622 Ῑ

362 2592 491 2651 ΟΡ.
590 2589 689 2662 τίς
720 2583 902 2651 ἐστὶν
929 2576 973 2669 ἡ
1000 2588 1262 2664 νεᾶνις;
1298 2577 1387 2662 ὥς
1419 2577 1817 2668 Ἑλληνικαῖς
2193 2601 2204 2611 ·
2274 2592 2382 2646 660

589 2681 875 2773 ἀνήρεθ’
908 2681 1079 2772 ἡμᾶς
1108 2683 1266 2764 τούς
1295 2680 1353 2751 τ’
1389 2685 1462 2752 ἐν
1484 2681 1651 2774 Ἰλίῳ
1682 2679 1936 2778 πόνους

589 2787 834 2856 νόστον
862 2783 922 2854 τ’
949 2782 1232 2872 Ἀχαιῶν
1261 2785 1380 2855 τόν
1409 2781 1478 2853 τ’
1510 2788 1586 2853 ἐν
1615 2791 1877 2864 οἰωνοῖς
1905 2781 2129 2871 σοφὸν

591 2884 929 2975 Κάλχαντ’
968 2884 1315 2975 Ἀχιλλέως
1343 2884 1685 2974 τ’,ὅνομα,
1717 2887 1832 2956 καὶ
1858 2882 1980 2954 τὸν
2008 2881 2259 2953 ἄθλιον

584 2985 1024 3078 Ἀγαμέμνον’
1060 2987 1149 3070 ὥς
1178 2985 1445 3083 ᾆὶκτειρ’
1480 2986 1792 3078 ἀνηρώτα
1819 2990 1896 3058 τέ
1918 3014 2001 3075 με

592 3109 884 3180 γυναῖκα
911 3093 1154 3173 παῖδάς
1180 3090 1265 3161 τ’.
1302 3099 1484 3162 ἔστιν
1511 3089 1553 3179 ἡ
1581 3094 1736 3178 ξένη
1767 3092 1959 3177 γένος
2273 3103 2389 3158 665

591 3201 860 3265 ἐκεῖθεν
886 3191 1290 3282 Ἀργειῶτις·
1340 3191 1424 3264 οὐ
1451 3192 1579 3283 γὰρ
1612 3189 1696 3262 ἄν
1726 3219 1906 3268 ποτε,

593 3302 827 3368 δέλτον
856 3292 920 3365 τ’
956 3303 1208 3386 ἔπεμπε
1236 3300 1350 3366 καὶ
1376 3293 1523 3365 τάδ’
1559 3294 2036 3383 ἐξεμάνθανεν,

594 3395 682 3478 ὡς
710 3396 907 3468 κοινὰ
936 3394 1588 3486 πράσσουσ’,’ᾎργος
1619 3403 1683 3466 εί
1708 3397 1998 3486 πράσσοι
2026 3400 2262 3474 καλῶς.
2500 3449 2501 3468 ,

364 3508 502 3568 ΠΤ.
594 3507 813 3590 ἔφθης
839 3528 922 3589 με
952 3502 1226 3588 μικρόν·
1257 3495 1467 3568 ταύτὰ
1498 3499 1573 3568 δὲ
1602 3500 1873 3588 φθάσας
1901 3500 2137 3587 λέγεις,

1028 3610 1316 3658 643--646
1345 3632 1411 3652 =
1441 3611 1537 3657 647
1559 3635 1629 3644 -
1649 3611 1768 3661 650.
2141 3609 2150 3620 ’
