2534 3917
1042 203 1510 262 ΦΟΙΝΙΣΣΑΙ
2091 205 2220 268 399

438 366 712 457 λειμῶν’
746 371 813 450 ἐς
838 365 1049 459 ’Ἠρας
1080 371 1192 438 καὶ
1230 377 1662 459 Κιθαιρῶνος
1688 374 1890 453 λέπας

438 477 677 540 δίδωσι
706 469 1141 559 βουκόλοισιν
1167 474 1471 541 ἐκθεῖναι
1499 475 1770 563 βρέφος,
2145 493 2216 546 25

434 579 720 661 σφυρῶν
752 577 997 661 σιδηρᾶ
1021 575 1264 662 κέντρα
1296 577 1643 663 διαπείρας
1667 576 1894 661 μέσον.

434 673 758 761 Πολύβου
792 676 875 744 δέ
894 702 1007 744 νιν
1033 673 1352 763 λαβόντες
1382 675 1865 763 ἱπποβουκόλοι

438 771 721 865 φέρουσ’
756 778 822 854 ἐς
850 785 1078 856 οἴκους
1112 786 1206 857 εἴς
1232 803 1305 846 τε
1332 781 1687 864 δεσποίνης
1717 779 1912 867 χέρας

440 883 719 964 ἔθηκαν.
751 873 794 964 ἦ
821 877 899 946 δὲ
932 876 1053 946 τὸν
1082 875 1245 966 ἐμὸν
1279 873 1547 948 ῶδίνων
1577 878 1790 948 πόνον
2144 897 2216 951 30
2321 943 2328 946 .

433 992 705 1065 μαστοῖς
734 975 974 1066 ὑφεῖτο
1000 980 1114 1048 καὶ
1138 978 1340 1050 πόσιν
1369 987 1597 1050 πείθει
1621 997 1860 1050 τεκεῖν.

436 1076 565 1169 ἤδη
599 1079 678 1149 δὲ
710 1095 997 1168 πυρσαῖς
1022 1083 1301 1169 γένυσιν
1331 1081 1857 1171 ἐξανδρούμενος

437 1195 590 1262 παῖς
616 1176 824 1269 οὑμὸς
850 1177 895 1270 ἢ
923 1179 1129 1269 γνοὺς
1154 1179 1198 1271 ἦ
1232 1209 1414 1275 τινος
1443 1182 1688 1272 μαθων
1715 1184 1894 1274 πάρα

436 1290 683 1370 ἔστειχε
708 1282 866 1363 τοὺς
894 1283 1239 1371 φύσαντας
1264 1287 1591 1373 ἐκμαθεῖν
1617 1286 1844 1354 θέλων

435 1381 603 1474 πρὸς
635 1390 826 1471 δῶμα
852 1393 1135 1473 Φοίβου,
1164 1385 1372 1466 Λάιός
1399 1383 1479 1456 θ’
1513 1383 1722 1474 οὑμὸς
1749 1385 1939 1468 πόσις
2143 1404 2211 1458 35

432 1483 551 1556 τὸν
585 1488 941 1556 ἐκτεθέντα
966 1492 1175 1557 παῖδα
1200 1487 1557 1576 μαστεύων
1579 1497 1854 1576 μαθεῖν,

437 1594 501 1656 εἰ
521 1584 749 1675 μηκέτ’
784 1598 906 1677 εἴη.
936 1589 1051 1658 καὶ
1074 1590 1487 1672 ξυνάπτετον
1515 1589 1692 1660 πόδα

434 1695 528 1770 εἰς
552 1685 801 1760 ταύτὸν
826 1687 1029 1778 ἄμφω
1057 1697 1364 1772 Φωκίδος
1390 1699 1654 1779 σχιστῆς
1683 1683 1869 1761 ὁδοῦ.

432 1797 554 1860 καί
573 1819 686 1860 νιν
706 1791 975 1861 κελεύει
1000 1799 1219 1863 Λαΐου
1246 1792 1650 1882 τροχηλάτης
1672 1815 1686 1828 ·
1989 1861 1993 1865 ,

436 1883 492 1961 ῶ
518 1894 695 1980 ξένε,
731 1893 1090 1984 τυράννοις
1117 1891 1428 1964 ἐκποδῶν
1453 1899 1840 1981 μεθίστασο.
2141 1912 2212 1963 40

434 1989 471 2063 ὃ
498 1991 571 2062 δ’
611 1989 787 2085 εἷρπ’
820 1992 1151 2082 ἄναυδος,
1181 1998 1351 2084 μέγα
1379 2000 1690 2086 φρονῶν·
1720 2001 1930 2063 πῶλοι
1965 1997 2044 2064 δέ
2067 2023 2180 2063 νιν

432 2105 660 2183 χηλαῖς
685 2099 997 2176 τένοντας
1024 2099 1485 2185 ἐξεφοίνισσον
1512 2100 1762 2166 ποδῶν.

434 2193 603 2266 ὅθεν
632 2239 707 2249 -
737 2204 810 2266 τί
830 2194 1067 2278 τάκτὸς
1095 2203 1232 2266 τῶν
1260 2204 1490 2268 κακῶν
1515 2224 1599 2286 με
1627 2202 1736 2266 δεῖ
1757 2199 2016 2285 λέγειν;
2051 2240 2124 2249 -

432 2313 587 2377 παῖς
614 2300 865 2389 πατέρα
886 2306 1109 2378 ,καίνει
1134 2301 1248 2368 καὶ
1273 2297 1504 2388 λαβών
1534 2294 1828 2386 ὀχήματα

433 2399 726 2492 Πολύβῳ
751 2415 993 2490 τροφεῖ
1013 2406 1314 2470 δίδωσιν.
1353 2397 1442 2482 ὥς
1469 2397 1535 2469 δ’
1570 2399 1869 2490 ἐπεζάρει
2139 2415 2209 2468 45
2291 2485 2304 2502 .

429 2503 655 2589 Σφὶγξ
684 2497 1046 2592 ἁρπαγαῖσι
1075 2501 1272 2572 πόλιν
1289 2552 1309 2588 ,
1351 2500 1504 2589 ἐμός
1530 2497 1593 2570 τ’
1625 2499 1751 2572 οὐκ
1779 2493 1866 2590 ἦν
1893 2500 2105 2586 πόσις,

428 2605 671 2692 Κρέων
696 2599 989 2690 ἀδελφὸς
1015 2599 1187 2689 τάμὰ
1212 2601 1535 2693 κηρύσσει
1559 2605 1738 2690 λέχη,

432 2701 611 2786 ὅστις
638 2710 853 2793 σοφῆς
878 2713 1156 2792 αἴνιγμα
1183 2705 1536 2794 παρθένου
1565 2703 1797 2790 μάθοι,

427 2806 644 2898 τούτῳ
670 2804 998 2890 ξυνάψειν
1022 2807 1284 2895 λέκτρα.
1315 2803 1628 2892 τυγχάνει
1662 2806 1743 2873 δέ
1763 2829 1902 2884 πως
1957 2875 1964 2880 ,

428 2908 684 2991 μούσας
716 2904 872 2995 ἐμὸς
896 2920 1051 2987 παῖς
1084 2911 1413 2987 Οἰδίπους
1441 2904 1748 2994 Σφιγγὸς
1775 2904 2037 2993 μαθών,
2141 2924 2209 2973 50

427 3003 597 3078 ὅθεν
621 3008 957 3098 τύραννος
982 3014 1183 3096 τῆσδε
1210 3015 1332 3096 γῆς
1357 3014 1755 3078 καθίσταται

428 3115 539 3178 καὶ
593 3108 879 3199 σκῆπτρ’
913 3117 1177 3181 ἔπαθλα
1205 3115 1407 3198 τῆσδε
1432 3109 1759 3199 λαμβάνει
1783 3107 2050 3196 χθονός.

427 3225 631 3298 γαμεῖ
654 3212 733 3281 δὲ
758 3211 882 3300 τὴν
908 3219 1269 3299 τεκοῦσαν,
1300 3209 1428 3282 οὐκ
1459 3210 1655 3292 εἰδῶς
1680 3210 1881 3290 τάλας

430 3308 587 3380 οὐδ’
618 3309 661 3402 ἡ
687 3321 975 3383 τεκοῦσα
1004 3315 1195 3383 παιδὶ
1223 3313 1760 3402 συγκοιμωμένη.

429 3419 629 3483 τίκτω
656 3415 734 3484 δὲ
758 3421 1001 3496 παῖδας
1030 3417 1220 3485 παιδὶ
1246 3412 1375 3483 δύο
1410 3413 1535 3502 μὲν
1561 3411 1866 3504 ἄρσενας,
2143 3427 2210 3478 55

424 3535 571 3596 ὅθεν
604 3561 699 3598 νιν
730 3538 1248 3614 Ἑλλᾶςῶνόμαζεν
1279 3541 1586 3601 Οἰδίπουν.
2144 3545 2211 3594 27
