2534 3917
1058 189 1271 245 ΟΡΕΣ
1275 189 1444 245 ΤΗΣ
2114 185 2241 252 255

234 333 370 428 ΟΡ..
448 354 749 444 ὑπόβαλε
778 363 1093 445 πλευροῖς
1121 355 1415 446 πλευρά,
1446 351 1809 445 καύχμώδη
1842 353 2059 448 κόμην

225 570 375 632 HA.

231 775 363 838 ΟΡ.

227 979 374 1042 HA.

232 1184 361 1245 ΟΡ.

225 1388 375 1450 ΗΛ.

233 1594 362 1654 ΟΡ.

233 1797 374 1858 HA.

232 2002 359 2063 ΟΡ.

233 2206 375 2266 ΗΛ.

235 2409 362 2470 ΟΡ.

229 2613 378 2676 HA.

235 2819 363 2879 ΟΡ.

225 3024 376 3124 HA.

233 3230 364 3291 ΟΡ.

225 3435 378 3496 ΗΛ.

460 456 669 546 ἄφελε
697 457 1062 547 προσώπου
1079 479 1094 495 ·
1123 456 1334 527 λεπτὰ
1360 456 1489 548 γὰρ
1522 458 1785 529 λεύσσω
1813 459 2065 552 κόραις.

461 552 516 630 ῶ
543 561 936 651 βοστρύχων
967 566 1258 641 πινῶδες
1287 556 1533 630 άθλιον
1559 560 1754 651 κάρα,
2138 577 2243 634 22⁵

458 660 546 744 ῶς
572 661 903 754 ἠγρίωσαι
931 661 1046 731 διὰ
1071 669 1329 752 μακρᾶς
1359 660 1697 742 ἀλουσίας.

453 766 689 835 κλῖνόν
716 761 788 852 μ’
823 769 889 845 ές
919 761 1130 853 εὐνὴν
1155 756 1363 844 αὖθις
1379 787 1394 802 ·
1426 760 1590 835 ὅταν
1617 761 1747 856 ἀνῇ
1774 765 1973 848 νόσος

460 869 732 957 μανιάς,
766 864 1110 957 ἄναρθρός
1138 875 1273 955 εἰμι
1300 864 1615 936 κάσθενῶ
1644 870 1829 955 μέλη.

461 972 633 1040 ἰδού.
667 977 872 1058 φίλον
898 997 1001 1040 τοι
1028 976 1122 1060 τῷ
1150 976 1465 1039 νοσοῦντι
1494 972 1790 1057 δέμνιον,

462 1070 746 1162 ἀνιαρὸν
771 1066 852 1142 ὂν
879 1070 953 1141 τὸ
980 1069 1200 1159 κτῆμ’,
1236 1070 1606 1159 ἀναγκαῖον
1634 1070 1700 1140 δ’
1733 1068 1931 1160 ὅμως.
2136 1085 2242 1146 230

455 1166 660 1255 αύθίς
691 1172 762 1262 μ’
796 1177 862 1254 ές
888 1171 1106 1264 ὀρθὸν
1133 1181 1410 1261 στῆσον,
1446 1170 1812 1243 ἀνακύκλει
1840 1176 2073 1261 δέμας·

463 1279 878 1367 δυσάρεστον
906 1281 979 1347 οί
996 1283 1361 1355 νοσοῦντες
1387 1271 1670 1365 ἀπορίας
1699 1271 1855 1344 ὕπο.

457 1371 502 1467 ἦ
528 1377 692 1448 κάπὶ
718 1385 913 1467 γαίας
946 1374 1233 1469 ἁρμόσαι
1261 1377 1474 1458 πόδας
1504 1379 1750 1465 θέλεις,

456 1483 729 1572 χρόνιον
758 1491 940 1570 ἴχνος
963 1488 1154 1564 θείς;
1191 1479 1525 1569 μεταβολὴ
1555 1479 1827 1549 πάντων
1854 1478 2094 1568 γλυκύ.

455 1584 766 1672 μάλιστα·
805 1583 1008 1666 δόξαν
1035 1581 1165 1674 γὰρ
1196 1581 1340 1654 τόδ’
1382 1578 1643 1670 ὑγιείας
1676 1588 1830 1670 ἔχει.
2136 1596 2238 1652 235

457 1701 773 1778 κρεῖσσον
801 1687 876 1755 δὲ
906 1683 981 1754 τὸ
1012 1691 1273 1771 δοκεῖν,
1304 1681 1433 1753 κᾶν
1460 1682 1781 1772 ἀληθείας
1809 1679 1965 1772 ἀπῇ.

460 1786 665 1858 ἄκουε
694 1787 777 1877 δὴ
807 1795 975 1872 νῦν,
1010 1778 1067 1855 ῶ
1093 1795 1503 1874 κασίγνητον
1530 1786 1726 1875 κάρα,

459 1893 583 1971 ἕως
612 1895 778 1960 ἐῶσί
800 1887 863 1960 σ’
900 1880 980 1958 εὖ
1001 1905 1285 1980 φρονεῖν
1307 1885 1623 1978 Ἐρινύες.

453 1995 660 2076 λέξεις
688 2021 749 2062 τι
782 1990 1052 2062 καινόν·
1093 1997 1203 2060 κεί
1223 1991 1349 2079 μὲν
1379 1980 1489 2077 εὖ,
1518 1988 1715 2078 χάριν
1744 1991 2003 2077 φέρεις·

461 2101 523 2164 εί
547 2093 611 2163 δ’
649 2102 741 2175 εἰς
768 2094 1028 2182 βλάβην
1054 2090 1213 2181 τιν’,
1243 2089 1392 2173 ἅλις
1420 2099 1546 2180 ἔχω
1573 2097 1695 2160 τοῦ
1725 2096 2105 2176 δυστυχεῖν.
2134 2103 2240 2161 240

455 2201 806 2277 Μενέλαος
833 2193 1018 2285 ἥκει,
1045 2203 1172 2265 σοῦ
1199 2202 1600 2284 κασίγνητος
1626 2191 1895 2283 πατρός,

465 2302 539 2368 έν
564 2306 890 2390 Ναυπλία
919 2300 995 2368 δὲ
1023 2296 1309 2386 σέλμαθ’
1344 2294 1670 2388 ῶρμισται
1696 2302 1893 2365 νεῶν.

460 2408 601 2482 πῶς
632 2401 852 2485 εἷπαςς
881 2397 1030 2490 ἥκει
1059 2408 1204 2488 φῶς
1232 2405 1413 2489 ἐμοῖς
1439 2401 1553 2470 καὶ
1582 2414 1722 2479 σοῖς
1748 2412 1976 2478 κακοῖς

461 2501 633 2593 ἀνὴρ
661 2499 988 2592 ὁμογενὴς
1014 2505 1127 2572 καὶ
1154 2503 1423 2593 χάριτας
1452 2509 1623 2589 ἔχων
1651 2499 1931 2591 πατρός;

460 2603 644 2693 ἥκει,
676 2606 750 2676 τὸ
783 2604 1022 2675 πιστὸν
1050 2605 1206 2674 τόδε
1233 2603 1458 2690 λόγων
1487 2606 1667 2689 ἐμῶν
1697 2606 1918 2688 δέχου,
2135 2615 2237 2669 245

451 2705 723 2796 Ἑλένην
752 2705 1076 2796 ἀγόμενος
1111 2713 1435 2796 Τρωικῶν
1464 2708 1537 2773 ἐκ
1563 2706 1856 2790 τειχέων.

452 2818 516 2879 εί
538 2811 742 2898 μόνος
770 2807 996 2897 έσῶθη
1013 2860 1032 2896 ,
1063 2815 1317 2896 μᾶλλον
1344 2803 1429 2876 ἀν
1456 2803 1742 2894 ζηλωτὸς
1772 2796 1859 2892 ἦν
1876 2825 1891 2840 ·

461 2920 525 2982 εἰ
547 2911 614 2983 δ’
648 2911 892 3001 άλοχον
919 2908 1183 2999 άγεται,
1213 2908 1425 2979 κακὸν
1453 2915 1624 2997 ἔχων
1650 2904 1801 2996 ἥκει
1829 2908 2018 2994 μέγα.

460 3020 785 3105 ἐπίσημον
815 3022 997 3085 ἔτεκε
1035 3013 1436 3103 Τυνδάρεως
1468 3021 1559 3094 εἰς
1588 3013 1707 3084 τὸν
1739 3009 1955 3098 ψόγον

464 3123 658 3207 γένος
686 3121 1089 3208 θυγατέρων
1117 3118 1437 3196 δυσκλεές
1465 3111 1525 3184 τ’
1558 3110 1667 3183 ἀν’
1689 3109 1991 3182 Ἑλλάδα.
2136 3125 2237 3179 250

456 3222 542 3290 σύ
566 3249 700 3291 νυν
728 3221 1012 3310 διάφερε
1037 3227 1175 3290 τῶν
1201 3227 1463 3288 κακῶν·
1496 3225 1705 3299 ἔξεστι
1731 3214 1891 3304 γάρ·

461 3320 574 3393 καὶ
600 3353 689 3413 μη
719 3325 928 3412 μόνον
956 3320 1123 3411 λέγ’,
1155 3317 1325 3391 ἀλλὰ
1348 3322 1462 3389 καὶ
1489 3318 1729 3409 φρόνει
1756 3316 1934 3385 τάδε.

461 3438 673 3516 οἴμοι,
703 3424 1080 3514 κασίγνητ’,
1109 3421 1289 3512 ὄμμα
1316 3421 1440 3492 σὸν
1466 3420 1882 3511 ταράσσεται,

461 3529 663 3617 ταχὺς
693 3529 770 3599 δὲ
794 3531 1089 3618 μετέθου
1118 3527 1409 3612 λύσσαν,
1442 3521 1591 3612 ἄρτι
1620 3525 2016 3611 σωφρονῶν.
