2534 3917
287 1814 352 1875 Χ
353 1815 424 1874 Ο.

283 1912 418 1971 ΦΡ.

1089 188 1472 246 ΟΡΕΣΤΗΣ
2161 188 2286 249 295

517 345 864 414 Λάκαιναν
887 342 1099 431 κόραν
1116 370 1133 387 ·
1177 336 1233 411 ὦ

517 442 685 523 Διὸς
706 456 857 529 παῖ,
901 442 1022 522 θὲς
1043 450 1224 528 ἴχνος

518 547 695 637 πέδῳ
721 541 900 629 δεῦρ’
931 542 1274 611 ἀποστᾶσα
1298 547 1617 629 κλισμοῦ,
2154 562 2290 616 1440

515 646 819 721 Πέλοπος
846 643 954 710 ἐπὶ
978 642 1397 727 προπάτορος

511 744 719 826 ἕδραν
747 747 1032 821 παλαιᾶς
1057 740 1304 823 ἑστίας,

515 836 597 903 ἵν’
625 842 803 925 εἰδῇς
824 836 1068 922 λόγους
1097 836 1316 921 ἐμούς.

516 934 661 1019 ἄγει
690 933 758 1002 δ’
789 932 934 1022 ἄγει
962 960 1104 1003 νιν·
1151 934 1194 1001 ἃ
1219 932 1285 1002 δ’
1314 931 1630 1019 ἐφείπετ’,

514 1029 598 1099 οὐ
620 1032 983 1118 πρόμαντις
1005 1024 1103 1100 ὦν
1127 1037 1404 1118 ἔμελλεν
1421 1060 1434 1074 ·
2158 1049 2289 1101 1445

517 1126 552 1196 ὁ
590 1130 662 1196 δὲ
682 1126 1011 1215 συνεργὸς
1033 1126 1180 1196 ἄλλ’
1217 1127 1496 1216 ἔπρασσ’

521 1226 644 1294 ίων
669 1225 871 1306 κακὸς
894 1225 1174 1306 Φωκεύς
1189 1253 1203 1268 ·

519 1324 645 1393 οὐκ
667 1323 972 1391 ἐκποδών
996 1322 1109 1409 ἴτ’,
1149 1322 1301 1391 ἀλλ’
1330 1321 1433 1391 ἀεὶ
1463 1325 1655 1392 κακοὶ
1679 1324 1975 1410 Φρύγες;

513 1426 746 1508 ἔκλῃσε
763 1417 823 1487 δ’
855 1417 1061 1489 ἄλλον
1084 1418 1315 1488 &Mod
1350 1425 1424 1489 ἐν
1446 1426 1705 1506 στέγαις
1721 1449 1734 1462 ·

516 1516 674 1598 τούς
695 1519 816 1603 μὲν
837 1519 914 1583 ἐν
935 1526 1336 1601 σταθμοῖσιν
1360 1521 1689 1585 ἱππικοῖσι
1704 1568 1723 1602 ,

519 1614 676 1695 τοὺς
708 1614 769 1683 δ’
805 1616 879 1683 έν
908 1617 1266 1702 ἐξέδραισι,
1299 1613 1459 1696 τούς
1485 1616 1550 1683 δ’
1577 1614 1777 1682 ἐκετσ’
1808 1614 2071 1683 ἐκεῖθεν
2156 1631 2291 1683 1450

515 1708 722 1778 ἄλλον
745 1708 984 1778 ἄλλοσε
1008 1712 1376 1798 διαρμόσας
1398 1712 1665 1799 ἀποπρὸ
1691 1717 2063 1791 δεσποίνας.

514 1813 580 1873 τί
597 1804 798 1873 τούπὶ
817 1812 986 1895 τῷδε
1009 1814 1368 1893 συμφορᾶς
1391 1812 1686 1894 ἐγίγνετο
1706 1838 1723 1889 3

515 1902 710 1972 Ἰδαία
728 1910 932 1991 μᾶτερ
956 1910 1162 1991 μᾶτερ

519 1998 767 2088 ὀβρίμα
792 2000 1068 2090 ὀβρίμα,
1093 2006 1263 2088 αίαῑ,

518 2107 777 2184 φονίων
809 2103 1086 2168 παθέων
1111 2099 1387 2186 ἀνόμων
1410 2127 1481 2169 τε
1504 2108 1731 2169 κακῶν
2156 2118 2288 2171 1455

514 2199 679 2281 ἅπερ
702 2201 988 2283 ἔδρακον
1014 2204 1303 2287 ἔδρακον
1326 2202 1398 2269 ἐν
1425 2202 1658 2286 δόμοις
1680 2200 2057 2286 τυράννων.

513 2292 684 2381 ἀμφὶ
705 2299 1116 2383 πορφυρέων
1149 2301 1423 2365 πέπλων
1446 2295 1580 2391 15,πὸ
1608 2298 1857 2365 σκότου

516 2396 667 2479 ξίφη
693 2392 1064 2472 σπάσαντες
1089 2396 1163 2459 ἐν
1186 2406 1441 2481 χεροῖν,

514 2484 710 2572 ἄλλος
735 2491 977 2562 ἄλλοσε

509 2594 780 2657 δίνασεν
796 2586 980 2676 ὄμμα
993 2640 1010 2673 ,
1039 2590 1128 2675 μή
1150 2614 1248 2669 τις
1269 2590 1505 2675 παρών
1527 2590 1735 2675 τύχοι.

510 2683 599 2765 ὡς
648 2687 893 2772 κάπροι
940 2684 1006 2753 δ’
1074 2684 1410 2774 ὀρέστεροι
1464 2688 1794 2772 γυναικὸς
1860 2685 2075 2755 ἀντίοι
2132 2708 2289 2757 στα-

1179 2787 1414 2864 θέντες
2158 2803 2291 2857 1460

514 2884 868 2950 ἐννέπουσι
888 2909 903 2923 ·
951 2876 1276 2950 κατθανεῑ

516 2989 872 3067 κατθανεῖ,
908 2980 1112 3059 κακός
1132 2978 1196 3047 σ’
1226 2977 1606 3048 ἀποκτείνει
1642 2979 1865 3064 πόσις,

517 3076 925 3164 κασιγνήτου
949 3077 1245 3163 προδοὺς

515 3174 826 3261 ἐν”Αργει
850 3186 1090 3243 θανεῖν
1114 3175 1341 3260 γόνον.

510 3270 553 3339 ἃ
579 3271 641 3340 δ’
672 3270 944 3357 ἀνίαχεν
969 3280 1187 3357 ἴαχεν,
1228 3271 1399 3358 ὤμοι
1423 3299 1565 3359 μοι·
2153 3284 2289 3339 1465

514 3370 763 3439 λευκὸν
786 3369 847 3438 δ’
877 3377 1256 3460 ἐμβαλοῦσα
1278 3379 1497 3458 πῆχυν
1520 3378 1817 3458 στέρνοις
1836 3422 1855 3459 ,
