2534 3917
1173 220 1340 277 ΙΩΝ
2130 217 2252 281 163

467 374 545 459 ὃς
569 385 660 458 εἰς
679 375 805 463 μὲν
826 376 989 458 ὄψιν
1014 381 1210 462 σφῷν
1229 383 1463 462 μολεῖν
1484 373 1611 444 ούκ
1633 376 1848 466 ήξίου,

463 462 552 549 μὴ
585 469 724 530 τῶν
746 460 1036 548 πάροιθε
1063 465 1307 547 μέμψις
1331 463 1423 540 εἰς
1446 462 1650 545 μέσον
1673 462 1867 549 μόλῃ,

464 546 636 654 ἡμᾶς
661 543 734 613 δὲ
759 545 998 630 πέμπει
1023 542 1181 622 τούς
1206 544 1451 647 λόγους
1471 540 1635 630 ὑμῖν
1664 546 1942 632 φράσαι,

473 657 560 709 ως
581 628 704 717 ἥδε
726 636 928 696 τίκτει
953 625 1018 694 σ’
1049 630 1114 708 ἐξ
1146 624 1562 707 Ἀπολλωνος
1584 631 1855 716 πατρός,
2116 644 2251 700 1560

437 739 444 745 ·
466 719 697 781 δίδωσι
723 709 786 780 δ’
815 707 914 791 οἷς
937 715 1219 799 ἔδωκεν,
1245 709 1329 778 ού
1354 711 1616 797 φύσασί
1632 730 1728 798 σε,

472 795 617 866 ἀλλ’
649 794 738 876 ὥς
763 801 1028 883 νομίζῃς
1051 793 1240 863 οἷκον
1265 794 1762 880 εὐγενέστατον.

471 885 611 948 ἐπεὶ
636 876 701 948 δ’
731 877 1042 970 ἀνεῴχθη
1067 886 1338 965 πρᾶγμα
1358 881 1668 966 μηνυθὲν
1688 883 1864 967 τόδε,

467 975 708 1034 θανεῖν
732 982 806 1031 σε
829 967 1051 1043 δείσας
1072 961 1321 1050 μητρὸς
1345 966 1416 1029 ἐκ
1440 965 1922 1051 βουλευμάτων

472 1051 579 1116 καὶ
607 1047 1000 1134 τήνδε,πρὸς
1021 1054 1150 1114 σοῦ
1164 1099 1182 1132 ,
1208 1060 1531 1132 μηχαναῖς
1554 1050 1903 1136 ἐρρύσατο.
2114 1063 2248 1118 1565

471 1137 700 1218 ἔμελλε
719 1129 784 1200 δ’
814 1129 984 1199 αὐτὰ
1010 1131 1464 1216 διασιωπήσας
1487 1129 1649 1211 ἅναξ

469 1219 544 1283 ἐν
563 1230 704 1295 ταῖς
732 1213 1048 1301 Ἀθήναις
1071 1228 1388 1300 γνωριεῖν
1409 1215 1663 1300 ταύτην
1685 1240 1757 1282 τε
1780 1215 1929 1302 σήν,

469 1303 546 1367 σέ
561 1303 634 1368 θ’
666 1297 756 1379 ὥς
779 1301 1081 1385 πέφυκας
1104 1301 1305 1384 τῆσδε
1327 1298 1437 1365 καὶ
1462 1305 1722 1386 Φοίβου
1745 1299 2016 1386 πατρός.

479 1380 624 1451 ἀλλ’
651 1381 740 1462 ὥς
763 1389 1056 1468 περαίνω
1086 1388 1381 1494 πρᾶγμα,
1408 1383 1519 1449 καὶ
1538 1381 1879 1469 χρησμοὺς
1901 1388 2110 1470 θεῶν,

475 1465 584 1553 ἐφ’
611 1461 786 1534 οἶσιν
810 1463 1016 1546 ἔζευξ’
1045 1464 1260 1553 ἅρματ
1293 1517 1312 1550 ,
1339 1467 1841 1534 εἰσακούσατον.
2112 1481 2250 1537 1570

467 1557 766 1654 λαβοῦσα
788 1551 988 1617 τόνδε
1013 1554 1216 1616 παῖδα
1237 1558 1626 1638 Κεκροπίαν
1646 1550 1867 1636 χθόνα

464 1659 662 1720 χωρει
679 1685 698 1720 ,
721 1637 1036 1720 Κρέουσα
1051 1685 1070 1720 ,
1094 1639 1230 1713 κείς
1251 1636 1555 1720 θρόνους
1579 1635 2030 1722 τυραννικοὺς

466 1723 776 1804 ἵδρυσον·
807 1719 878 1784 ἐκ
903 1717 1031 1804 γὰρ
1055 1724 1191 1784 τῶν
1217 1718 1577 1824 Ἐρεχθέως
1601 1718 1812 1804 γεγώς

467 1807 720 1880 δίκαιος
745 1799 975 1886 ἄρχειν
996 1807 1114 1886 τῆς
1146 1805 1308 1887 ἐμῆς
1337 1804 1454 1870 οδε
1484 1807 1753 1887 χθονός.

470 1891 647 1953 ἔσται
673 1883 738 1951 δ’
770 1883 880 1951 ἄν’
911 1883 1171 1952 Ἑλλάδ’
1203 1884 1514 1969 εὐκλεής·
1541 1889 1611 1951 οί
1628 1890 1829 1952 τοῦδε
1853 1884 1981 1973 γὰρ
2112 1899 2249 1953 1575

468 1973 698 2048 παῖδες
718 1968 1071 2054 γενόμενοι
1095 1971 1408 2051 τέσσαρες
1429 1970 1605 2055 ῥίζης
1626 1975 1801 2054 μιᾶς,

467 2054 807 2136 ἐπώνυμοι
834 2058 955 2138 γῆς
977 2049 1393 2136 κάπιφυλίου
1416 2049 1667 2136 χθονὸς

473 2142 655 2204 λαῶν
677 2141 937 2202 ἔσονται
953 2185 971 2220 ,
995 2135 1329 2202 σκόπελον
1351 2140 1421 2202 οἳ
1438 2133 1702 2202 ναίουσ’
1731 2135 1915 2222 ἐμόν.

464 2223 726 2287 Γελέων
750 2221 873 2305 μὲν
897 2223 1078 2286 ἔσται
1102 2226 1363 2305 πρῶτος
1380 2248 1393 2261 ·
1429 2217 1567 2286 εἶτα
1590 2219 1961 2305 δεύτερος..
1984 2272 1996 2285 .
2017 2273 2030 2286 .

453 2301 774 2390 Ὅπλητες
801 2299 1124 2389 Ἀργαδῆς
1146 2301 1210 2369 τ’
1240 2306 1400 2389 ἐμῆς
1420 2301 1480 2370 τ’
1511 2299 1628 2370 ἀπ’
1658 2308 1911 2389 αἰγίδος
1958 2381 1985 2393 -
2114 2319 2249 2373 1580

473 2390 548 2453 ἓν
571 2394 794 2472 φῦλον
817 2384 1037 2466 ἕξουσ’
1065 2393 1450 2493 Αἰγικορῆς.
1478 2391 1548 2454 οἰ
1561 2393 1775 2454 τῶνδε
1801 2385 1865 2455 δ’
1895 2393 1983 2455 aa}

469 2475 698 2551 παῖδες
722 2471 1073 2557 γενόμενοι
1105 2491 1238 2538 συν
1258 2473 1483 2561 χρόνῳ
1508 2473 1921 2559 πεπρωμένῳ

469 2555 825 2633 Κυκλάδας
846 2555 1275 2639 ἐποικήσουσι
1298 2561 1575 2641 νησαίας
1598 2559 1825 2634 πόλεις

469 2641 748 2723 χέρσους
767 2664 838 2705 τε
859 2637 1232 2723 παράλους,
1259 2635 1300 2704 ὃ
1323 2640 1567 2716 σθένος
1590 2635 1763 2725 τήμῇ
1783 2644 1981 2722 χθονὶ

351 2743 362 2753 ·
465 2725 740 2799 δίδωσιν
759 2749 772 2762 ·
800 2718 1224 2809 ἀντίπορθμα
1250 2718 1317 2788 δ’
1346 2721 1653 2807 ἠπείροιν
1678 2724 1873 2787 δυοῖν
2108 2737 2245 2791 1585

469 2809 664 2872 πεδία
685 2804 1204 2891 κατοικήσουσιν
1218 2857 1236 2890 ,
1258 2802 1561 2882 Ἀσιάδος
1580 2829 1650 2871 τε
1672 2811 1795 2890 γῆς

470 2886 830 2974 Εὐρωπίας
852 2913 922 2955 τε
938 2917 952 2930 ·
978 2893 1180 2956 τοῦδε
1205 2887 1271 2956 δ’
1302 2885 1628 2973 ὀνόματος
1651 2889 1846 2976 χάριν

453 2969 674 3052 Ἴωνες
705 2970 1195 3058 ὀνομασθέντες
1219 2973 1485 3052 ἕξουσιν
1506 2973 1713 3050 κλέος.

471 3056 718 3147 Ξούθῳ
743 3057 816 3123 δὲ
840 3057 948 3123 καὶ
972 3056 1078 3123 σοὶ
1100 3063 1398 3142 γίγνεται
1422 3053 1655 3122 κοινόν
1678 3059 1890 3142 γένος,

464 3146 707 3226 Δῶρος
729 3143 883 3227 μέν,
910 3144 1116 3208 ἔνθεν
1138 3143 1363 3225 Δωρὶς
1385 3136 1522 3224 ὑμν
1567 3139 1847 3225 θήσεται
2108 3152 2246 3206 1590

468 3225 687 3303 πόλις·
715 3223 861 3291 κατ’
893 3221 1047 3291 αἶαν
1068 3220 1499 3294 Πελοπίαν,δ’
1525 3163 1563 3290 (ηἷ
1590 3225 1904 3310 δεύτερος

457 3305 712 3392 Ἀχαιός
726 3359 745 3394 ,
772 3304 846 3388 ὃς
867 3315 990 3394 γῆς
1012 3314 1335 3392 παραλίας
1355 3302 1529 3374 Ῥίου
1554 3309 1755 3387 πέλας

467 3393 801 3478 τύραννος
825 3396 1006 3458 ἔσται
1023 3443 1041 3477 ,
1067 3389 1737 3476 κάπισημανθήσεται

466 3482 694 3542 κείνου
718 3482 1086 3561 κεκλῆσθαι
1111 3474 1269 3554 λαός
1300 3470 1495 3560 ὄνομ’
1527 3473 1899 3560 ἐπώνυμος.

467 3565 684 3640 καλῶς
709 3557 773 3627 δ’
797 3556 1138 3626 Ἀπόλλων
1161 3554 1359 3625 πάντ’
1388 3562 1658 3644 ἔπραξε·
1683 3564 1915 3642 πρῶτα
1938 3559 2060 3644 μὲν
2111 3571 2245 3627 1595

1889 3651 1919 3686 *ι
