2534 3917
1143 203 1307 262 ΙΩΝ
2066 205 2190 268 159

178 383 372 446 ΙΩΝ.
405 371 578 443 ἰδού.

406 472 550 544 τόδ’
587 471 737 543 ἔσθ’
772 470 1050 560 ὕφασμα
1071 475 1282 561 δεσμά
1306 472 1411 562 θ’,
1444 471 1534 556 ὥς
1564 472 1985 565 εὑρίσκομεν.

178 585 309 648 ΚΡ.
405 568 462 646 αἶ
483 575 756 666 χρόνιον
784 579 987 644 ἱστῶν
1013 578 1453 667 παρθένευμα
1481 585 1616 646 τῶν
1642 581 1840 665 ἐμῶν.
2054 596 2189 649 1425

177 685 373 750 ΙΩΝ.
407 686 589 748 ἔστιν
617 705 681 754 τι
709 674 877 766 πρὸς
905 673 1097 769 τῷδ’,
1129 673 1172 765 ἦ
1200 677 1387 770 μόνῳ
1415 676 1580 772 τῷδ’
1623 677 1953 767 εὐτυχεῖς,

179 791 312 851 ΚΡ.
406 780 731 869 δράκοντε
761 786 1212 868 μαρμαίροντε
1241 781 1607 873 παγχρύσῳ
1637 784 1849 869 γένυι.

179 891 375 952 ΙΩΝ.
410 878 668 972 δώρημ’
696 878 1017 967 Ἀθάνας,
1048 877 1093 969 ἢ
1121 879 1301 950 τέκν’
1337 885 1723 971 ἐντρέφειν;
1754 887 1924 971 λέγε.

179 985 310 1054 ΚῬ.
395 981 820 1074 Ἐριχθονίου
849 1010 928 1071 γε
954 990 1078 1052 τοῦ
1107 983 1311 1052 πάλαι
1338 985 1696 1073 μιμήματα.

178 1095 374 1156 ΙῼΝ.
407 1094 478 1156 τί
500 1092 704 1175 δρᾶν,
735 1092 807 1153 τί
825 1092 1149 1174 χρῆσθαι,
1183 1086 1393 1175 φράζε
1421 1115 1566 1174 μοι,
1596 1087 2015 1176 χρυσώματις
2050 1103 2189 1157 1430

187 1198 312 1258 KP.
409 1192 644 1277 δέραια
672 1190 864 1257 παιδὶ
889 1187 1187 1278 νεογόνῳ
1217 1190 1487 1276 φέρειν,
1519 1192 1775 1258 τέκνον.

177 1299 375 1361 ΙΩΝ.
409 1297 658 1360 ἔνεισιν
685 1295 858 1359 οἵδε·
891 1288 966 1358 τὸ
997 1289 1072 1358 δὲ
1102 1294 1331 1378 τρίτον
1358 1297 1555 1358 ποθῶ
1583 1301 1852 1378 μαθεῖν.

179 1401 314 1461 KP.
409 1394 746 1481 στέφανον
773 1395 997 1472 ἐλαίας
1023 1388 1386 1480 ἀμφέθηκά
1414 1414 1521 1461 σοι
1548 1393 1719 1479 τότε,

411 1490 497 1580 ἢν
525 1492 735 1583 πρῶτ’
763 1491 1050 1573 Ἀθάνας
1077 1492 1398 1574 σκόπελος
1426 1496 1841 1582 ἐξηνέγκατο,

413 1591 515 1682 ὅς,
550 1605 736 1684 εἴπερ
767 1602 978 1683 ἔστιν,
1011 1591 1246 1665 οὔποτ’
1279 1599 1568 1666 ἐκλείπει
1596 1596 1827 1685 χλόην,
2051 1612 2189 1666 1435

411 1696 650 1768 θάλλει
681 1693 746 1766 δ’
781 1701 1005 1777 ἐλαίας
1030 1701 1094 1779 ἐξ
1123 1694 1461 1787 ἄγηράτου
1490 1698 1721 1785 γεγώς.

176 1807 376 1869 ΙῼΝ.
411 1791 468 1868 ὦ
495 1797 778 1889 φιλτάτη
808 1827 922 1887 μοι
948 1807 1188 1888 μῆτερ,
1219 1796 1503 1886 ἄσμενός
1529 1798 1593 1868 σ’
1630 1798 1799 1868 ἰδών

413 1900 579 1992 πρὸς
608 1898 895 1992 ἄσμένης
923 1903 1235 1971 πέπτωκα
1262 1899 1383 1981 σὰς
1412 1906 1761 1991 παρηίδας.

178 2012 316 2072 ΚΡ.
411 2031 462 2071 ω
491 2006 763 2091 τέκνον,
795 2032 848 2073 ω
877 2010 1022 2091 φῶς
1048 2005 1246 2092 μητρὶ
1275 2017 1586 2093 κρεῖσσον
1613 1999 1831 2091 ἡλίου,

412 2103 874 2194 συγγνώσεται
901 2103 1030 2195 γὰρ
1060 2101 1094 2174 ὁ
1126 2105 1320 2192 θεός,
1350 2108 1425 2174 ἐν
1450 2121 1675 2195 χεροτν
1704 2101 1768 2173 σ’
1804 2111 1953 2192 ἔχω,
2052 2120 2189 2172 1440

417 2203 703 2278 αελπτον
735 2203 974 2297 ευρημ’
983 2259 1000 2294 ,
1030 2203 1111 2277 ὃν
1139 2205 1306 2277 κατὰ
1332 2213 1453 2295 γᾶς
1480 2209 1732 2298 ένέρων

411 2308 696 2396 χθόνιον
724 2309 888 2398 μετὰ
915 2309 1357 2399 Περσεφόνας
1383 2306 1445 2378 τ’
1480 2308 1765 2379 ἐδόκουν
1792 2315 2030 2377 ναίειν.

177 2419 380 2482 ΙΩΝ.
413 2408 561 2480 ἀλλ’
597 2439 648 2480 ω
681 2419 846 2501 φίλη
873 2441 988 2500 μοι
1015 2418 1256 2502 μῆτερ,
1288 2414 1363 2481 ἐν
1388 2425 1616 2500 χεροῖν
1643 2414 1851 2480 σέθεν

415 2509 451 2582 ὃ
481 2514 844 2583 κατθανών
869 2542 940 2585 τε
967 2509 1095 2583 κού
1121 2511 1361 2583 θανών
1390 2513 1821 2602 φαντάζομαι.

180 2623 320 2683 KP.
413 2612 492 2684 ίώ
527 2615 640 2703 ἰώ,
677 2624 979 2704 λαμπρᾶς
1005 2618 1281 2705 αἰθέρος
1310 2612 1666 2703 ἀμπτυχαί,
1750 2697 1757 2703 .
2053 2628 2191 2680 1445

416 2712 548 2785 τίν’
583 2713 802 2787 αὐδὰν
830 2714 1016 2786 ἀύσω

415 2818 675 2906 βοάσαις
705 2819 924 2890 πόθεν
957 2847 1072 2907 μοι

416 2918 781 3011 συνέκυρσ’
815 2917 1139 3009 ἀδόκητος
1170 2918 1379 3010 ἡδονά
1396 2951 1414 3003 ;
1446 2919 1665 2989 πόθεν

414 3022 741 3111 ἐλάβομεν
765 3023 1010 3111 χαράν;

183 3131 382 3193 ΙΩΝ.
415 3126 560 3212 ἐμοὶ
587 3128 908 3215 γενέσθαι
937 3125 1153 3195 πάντα
1181 3130 1438 3212 μᾶλλον
1466 3122 1553 3194 ἄν
1581 3150 1762 3211 ποτε,
2056 3133 2191 3188 1450

414 3232 619 3318 μῆτερ
642 3278 662 3315 ,
690 3230 980 3318 παρέστη
1007 3223 1224 3313 τῶνδ’,
1243 3223 1425 3307 ὅπως
1452 3225 1566 3306 σός
1596 3222 1727 3313 εἰμ’
1762 3222 1912 3313 ἐγώ.

185 3336 321 3397 ΚΡ.
412 3334 509 3396 ἔτι
539 3329 732 3418 φόβῳ
760 3331 998 3419 τρέμω.
1017 3372 1030 3386 .

182 3437 381 3498 IszN.
409 3436 560 3516 μῶν
588 3427 714 3500 οὐκ
744 3437 920 3518 ἔχειν
945 3425 1021 3518 μ’
1056 3438 1298 3519 ἔχουσα
1315 3461 1333 3512 ;
1376 3435 1511 3498 KP.
1543 3427 1658 3509 τὰς
1683 3425 1810 3517 γὰρ
1839 3429 2110 3504 ἐλπίδας

414 3528 753 3618 ἀπέβαλον
785 3530 1034 3622 πρόσω.
