2534 3917
625 208 1089 267 ΙΦΙΓΕΝΕΙΑ
1132 208 1206 265 Η
1233 210 1355 267 ΕΝ
1398 208 1713 268 ΑΤΛΙΔΙ
2088 208 2169 272 23

374 386 569 470 ἔρωτι
599 376 669 447 δ’
704 374 908 459 αὐτὸς
938 376 1290 466 ἐπτοάθης.

369 478 540 552 ὅθεν
573 488 713 571 ἔρις
745 488 892 573 ἔριν

363 582 644 654 Ἑλλάδα
675 583 810 657 σὺν
837 585 988 673 δορὶ
1016 590 1225 652 ναυσί
1248 578 1309 651 τ’
1344 580 1492 671 ἄγει

371 692 435 769 ἐς
472 692 715 778 Τροίας
746 688 1070 775 πέργαμα.
1526 734 1533 741 -

373 786 456 859 ld>
489 789 570 859 ἰιό
587 811 602 825 ·
637 787 922 881 μεγάλαι
952 788 1264 877 μεγάλων
2066 804 2169 861 590

373 890 834 980 εὐδαιμονίαι·
869 890 994 979 τὴν
1021 898 1142 961 τοῦ
1174 893 1501 980 βασιλέως

372 993 540 1065 ἴδετ’
567 991 965 1086 Ἰφιγένειαν
993 992 1293 1065 ἄνασσαν

373 1097 498 1186 τὴν
537 1098 933 1187 Τυνδαρέου
962 1124 1032 1166 τε
1061 1095 1690 1185 Κλυταιμνήστραν,

374 1197 462 1283 ὡς
493 1204 568 1269 ἐκ
599 1197 913 1289 μεγάλων
943 1194 1388 1288 ἐβλαστήκασ’

372 1308 488 1373 ἐπί
511 1300 574 1371 τ’
611 1299 924 1392 εὐμήκεις
953 1298 1196 1392 ἥκουσι
1225 1297 1447 1389 τύχας.
2066 1318 2167 1371 595

371 1412 533 1475 θεοί
555 1434 656 1475 τοι
687 1410 1039 1492 κρείσσους
1072 1408 1143 1471 οἵ
1168 1398 1230 1471 τ’
1269 1399 1639 1493 ὀλβοφόροι

370 1522 505 1587 τοῖς
533 1504 660 1577 οὐκ
691 1502 1043 1596 εὐδαίμοσι
1071 1512 1365 1575 θνατῶν.

373 1617 692 1700 (ardum),
723 1614 1058 1690 Χαλκίδος
1089 1614 1334 1696 ἔκγονα
1363 1608 1737 1699 θρέμματα,

371 1712 498 1801 τὴν
524 1721 878 1802 βασίλειαν
906 1709 1237 1799 δεξώμεθ’
1275 1708 1457 1798 ὄχων

371 1814 504 1885 ἄπο
531 1814 622 1905 μὴ
652 1822 1006 1905 σφαλερῶς
1036 1816 1144 1884 ἐπὶ
1175 1828 1397 1901 γαῖαν,
2063 1828 2167 1881 600

373 1915 639 2006 ἀγανῶς
670 1918 748 1987 δὲ
773 1934 1002 2010 χεροῖν
1027 1922 1294 2006 μαλακῇ
1323 1914 1579 2003 γνώμῃ,

370 2019 460 2110 μὴ
490 2020 792 2112 ταρβήσῃ
825 2028 1073 2091 νεωστί
1095 2045 1209 2106 μοι
1239 2014 1451 2107 μολὸν

373 2130 647 2196 κλεινὸν
685 2133 924 2195 τέκνον
958 2125 1469 2209 Ἀγαμέμνονος,

369 2229 542 2316 μηδὲ
571 2226 882 2317 θόρυβον
912 2220 1075 2313 μηδ’
1109 2226 1426 2313 ἔκπληξιν

371 2344 516 2411 ταῖς
551 2325 879 2421 Ἀργείαις
2065 2344 2165 2395 ὸοό

338 2435 583 2515 ξεῖναι
610 2435 856 2516 ξείναις
885 2432 1320 2522 παρέχωμεν.]

367 2532 624 2624 ὄρνιθα
648 2563 774 2623 μεν
800 2530 990 2604 τόνδ’
1025 2544 1248 2603 αἴσιον
1278 2530 1683 2621 ποιούμεθα,

372 2636 448 2707 τὸ
479 2636 605 2708 σόν
633 2665 706 2707 τε
733 2634 1024 2727 χρηστὸν
1053 2638 1167 2706 καὶ
1193 2634 1418 2723 λόγων
1453 2632 1798 2723 εὐφημίαν
1817 2654 1833 2669 ·

370 2744 611 2809 ἐλπίδα
639 2736 705 2809 δ’
741 2746 868 2826 ἔχω
901 2734 1033 2808 τιν’
1071 2732 1160 2819 ὦς
1194 2733 1302 2806 ἐπ’
1336 2740 1683 2805 ἐσθλοῖσιν
1711 2733 1945 2823 γάμοις

371 2842 649 2933 πάρειμι
677 2841 1155 2930 νυμφαγωγός.
1191 2832 1343 2909 ἀλλ’
1378 2834 1731 2928 ὀχημάτων
2062 2855 2167 2909 610

375 2948 500 3027 ἔξω
529 2940 859 3035 πορεύεθ’
895 2939 971 3024 ἃς
1002 2947 1188 3034 φέρω
1220 2938 1476 3032 φερνὰς
1505 2942 1696 3031 κόρῃ,

374 3050 487 3117 καὶ
520 3043 812 3135 πέμπετ’
839 3053 934 3127 εἰς
961 3050 1311 3135 μέλαθρον
1346 3040 1857 3134 εὐλαβούμενοι.

374 3148 460 3219 σύ
493 3146 585 3238 δ’,
619 3140 676 3217 ὦ
702 3152 943 3219 τέκνον
972 3176 1118 3239 μοι,
1150 3156 1338 3217 λεῖπε
1367 3144 1703 3227 πωλικοὺς
1736 3144 1957 3235 ὄχους,

377 3248 596 3341 ἁβρὸν
626 3262 892 3322 τιθεῖσα
921 3259 1144 3321 κῶλον
1173 3246 1457 3341 ἀσθενές
1486 3247 1566 3319 θ’
1600 3245 1753 3335 ἅμα.

375 3351 566 3443 ὑμεῖς
596 3356 673 3425 δὲ
701 3354 1006 3437 νεάνιδές
1033 3381 1146 3423 νιν
1175 3349 1495 3440 ἀγκάλαις
1528 3361 1637 3423 ἔπι
2061 3367 2163 3419 615

376 3458 662 3539 δέξασθε
690 3461 804 3527 καὶ
836 3453 1197 3547 πορεύσατ’
1235 3459 1300 3539 ἐξ
1332 3453 1704 3544 ὀχημάτων.

377 3568 496 3628 καί
520 3588 634 3646 μοι
659 3557 854 3649 χερός
883 3588 980 3641 τις
1009 3558 1260 3629 ἐνδότω
1295 3564 1724 3647 στηρίγματα,
