2534 3917
53 0 92 280 -‘““‘.3-·3·=

351 177 435 242 68

352 1683 471 1747 ῙΦ.

806 183 1264 242 ΙΦΙΓΕΝΕΙΑ
1307 185 1378 240 Η
1411 185 1530 242 ΕΝ
1578 186 1940 244 ΤΑΥΡΟΙΣ

584 358 765 431 τίνος
797 354 869 419 ἐκ
898 359 1035 420 τῶν
1064 349 1372 441 εὐόλβων
1394 351 1627 444 ’Ἀργει

584 454 920 542 βασιλέων
948 450 1154 543 ἀρχάς

580 555 836 644 μόχθος
865 552 933 623 δ’
968 559 1042 624 ἐκ
1070 556 1351 645 μόχθων
1379 553 1570 649 ᾄσσει

586 657 1016 739 δινευούσαις
1042 663 1267 740 ἵπποις
1293 675 1573 740 πταναῖς
1589 681 1604 696 ·

586 755 867 842 ἀλλάξας
896 757 962 829 δ’
998 764 1061 844 ἐξ
1094 765 1293 850 ἕδρας

588 860 773 952 ἱερὸν
812 872 843 907 *
873 869 903 905 *
944 859 1103 952 ὄμμ’
1138 859 1352 950 αὐγᾶς

584 960 791 1044 ἅλιος.
822 960 1054 1045 ἄλλαις
1082 961 1149 1034 δ’
1184 961 1354 1034 ἄλλα
1386 968 1682 1055 προσέβα

579 1070 867 1154 χρυσέας
895 1065 1101 1158 άρνὸς
1128 1067 1496 1156 μελάθροις
1522 1063 1759 1155 ὀδύνα,

583 1169 793 1256 φόνος
826 1172 935 1239 ἐπὶ
963 1171 1191 1261 φόνῳ,
1222 1166 1385 1257 ἄχεά
1409 1165 1458 1238 τ’
1495 1166 1756 1258 ἄχεσιν·

586 1278 793 1340 ἔνθεν
824 1279 962 1342 τῶν
990 1272 1297 1363 πρόσθεν
1329 1274 1733 1359 δμαθέντων

592 1379 1013 1444 Τανταλιδᾶν
1041 1378 1342 1462 ἐκβαίνει
1371 1373 1575 1443 ποινά
1601 1370 1668 1461 γ’

582 1481 676 1556 είς
703 1486 962 1556 οἴκους·
992 1475 1275 1545 σπεύδει
1303 1471 1371 1544 δ’
1403 1471 1821 1545 ἀσπούδαστ’

582 1578 692 1645 ἐπὶ
719 1579 828 1646 σοὶ
856 1583 1139 1666 δαίμων.

578 1681 643 1761 ἐξ
674 1675 877 1770 ἀρχᾶς
902 1707 1016 1768 μοι
1046 1685 1443 1768 δυσδαίμων

584 1786 846 1870 δαίμων
874 1790 990 1863 τᾶς
1020 1781 1269 1872 ματρὸς
1298 1782 1509 1866 ζώνας

581 1887 695 1954 καὶ
722 1883 968 1966 νυκτὸς
994 1893 1257 1966 κείνας·
1303 1888 1369 1968 ἐξ
1397 1880 1602 1972 ἀρχᾶς

580 1987 797 2076 λόχιαι
826 1986 1113 2080 στερρὰν
1141 1993 1457 2059 παιδείαν

580 2098 840 2181 ΛΜοῖραι
866 2098 1344 2159 συντείνουσιν
1370 2098 1553 2176 θεαί,

579 2191 623 2258 ά
650 2188 1133 2279 μναστευθεῐσ’
1165 2193 1230 2272 ἐξ
1262 2187 1624 2278 Ἑλλάνων,

579 2289 666 2361 ἂν
690 2293 1125 2380 πρωτόγονον
1149 2292 1362 2373 θάλος
1387 2297 1462 2362 ἐν
1488 2293 1818 2381 θαλάμοις

576 2394 803 2482 Λήδας
830 2391 873 2464 ἆ
900 2395 1168 2483 τλάμων
1194 2394 1412 2485 κούρα

577 2497 872 2585 σφάγιον
909 2497 1183 2590 πατρῴα
1213 2497 1399 2589 λώβᾳ

576 2601 690 2668 καὶ
716 2596 876 2688 θῦμ’
910 2596 1037 2670 οὐκ
1066 2596 1450 2689 εὐγάθητον

578 2710 835 2791 ἔτεκεν,
868 2710 1150 2794 ἔτρεφεν
1164 2756 1182 2790 ,
1214 2700 1534 2773 εὐκταίαν

582 2811 871 2884 ἱππείοις
899 2809 975 2874 ἐν
1008 2809 1358 2892 δίφροισιν

576 2907 918 2992 ψαμάθων
944 2903 1245 2987 Αὐλίδος
1275 2909 1604 2995 ἐπιβᾶσαν

578 3009 890 3094 νύμφαν,
922 3017 1099 3095 οἴμοι
1115 3059 1134 3095 ,
1163 3008 1575 3097 δύσνυμφον

576 3117 669 3203 τῷ
696 3116 811 3190 τᾶς
836 3112 1121 3198 Νηρέως
1147 3109 1432 3201 κούρας,
1461 3117 1621 3179 αίαῖ.

573 3219 709 3283 νῦν
738 3208 804 3281 δ’
841 3208 1111 3294 ἀξείνου
1138 3211 1394 3282 πόντου
1422 3214 1608 3294 ξείνα

577 3313 991 3404 δυσχόρτους
1018 3324 1247 3396 οἴκους
1274 3321 1444 3383 ναίω

579 3412 831 3504 ἄγαμος
896 3413 1207 3502 ἄτεκνος,
1238 3413 1478 3495 ἄπολις
1543 3413 1808 3503 ἄφιλος,

577 3514 661 3586 οὐ
688 3517 813 3587 τὰν
832 3515 1068 3608 ’Ἀργει
1093 3515 1421 3607 μέλπουσ’
1454 3513 1676 3605 ’Ἡραν

2271 480 2372 531 190

2271 989 2371 1041 195

2268 1396 2370 1448 200

2263 2415 2374 2468 210

2267 2925 2372 2977 215
