2534 3917
160 2947 299 3006 XO.

160 3152 277 3212 10.

978 234 1438 293 ΦΟΙΝΙΣΣΑΙ
2041 229 2163 294 437

394 393 563 490 ἔχων
592 404 858 493 ἐχώρει,
896 405 1009 473 καὶ
1035 398 1307 472 τοσόνδ’
1345 402 1696 489 ἐκόμπασε,

389 502 547 594 μηδ’
586 501 671 576 ἄν
700 504 772 574 τό
802 503 1051 593 σεμνὸν
1077 511 1215 594 πῦρ
1242 533 1355 574 νιν
1382 509 1730 593 εἰργαθεῖν
1754 502 1925 584 Διὸς
2039 520 2168 575 117⁵

390 605 462 676 τὸ
490 606 582 694 μὴ
609 603 692 676 οὐ
720 603 855 676 κατ’
895 604 1122 702 ἄκρων
1148 606 1512 698 περγάμων
1537 608 1715 674 ἑλεῖν
1743 605 1960 675 πόλιν.

389 710 502 777 καὶ
529 704 733 779 ταῦθ’
766 703 881 797 ἅμ’
912 704 1198 798 ἠγόρευε
1224 710 1338 778 καὶ
1367 706 1817 797 πετρούμενος

390 807 661 899 ἀνεῖρφ’
692 806 813 879 ὑπ’
848 807 1062 898 αὐτὴν
1089 807 1325 879 ἀσπίδ’
1353 812 1601 896 ,εἱλίξας
1630 813 1851 897 δέμας,

391 918 710 999 κλίμακος
737 909 1036 1000 ἀμείβων
1063 907 1234 993 ξέστ’
1268 911 1610 1000 ἐνηλάτων
1633 911 1900 1004 βάθρα.-

394 1010 519 1102 ἤδη
550 1011 615 1082 δ’
648 1010 1146 1102 ὑπερβαίνοντα
1173 1028 1364 1100 γεῖσα
1393 1015 1664 1101 τειχέων
2037 1027 2170 1081 1180

390 1115 618 1200 βάλλει
648 1120 956 1207 κεραυνῷ
986 1114 1155 1194 Ζεύς
1182 1137 1322 1182 νιν·
1354 1115 1682 1202 ἐκτύπησε
1711 1113 1786 1182 δὲ

390 1215 614 1303 χθών,
648 1213 816 1286 ὥστε
844 1221 1060 1285 δεῖσαι
1088 1216 1370 1296 πάντας·
1402 1220 1475 1285 ἔκ
1508 1215 1584 1284 δὲ
1611 1214 1955 1303 κλιμάκων

387 1320 867 1402 [ἐσφενδονᾶτο
898 1321 1099 1403 χωρὶς
1128 1317 1440 1406 ἀλλήλων
1468 1319 1665 1404 μέλη,

392 1417 590 1506 κόμαι
616 1419 741 1506 μὲν
770 1424 865 1498 είς
885 1415 1273 1506 Ὄλυμπον,
1303 1413 1464 1505 αἷμα
1491 1415 1558 1487 δ’
1591 1425 1684 1498 είς
1711 1419 1950 1506 χθόνα,

386 1534 598 1609 χεῖρες
626 1519 701 1589 δὲ
734 1521 851 1588 καὶ
877 1516 1041 1588 κῶλ’
1076 1514 1165 1600 ὥς
1192 1517 1492 1608 κύκλωμ’
1520 1517 1800 1614 Ἰξίονος]
2039 1535 2170 1589 1185

392 1619 699 1690 εἱλίσσετ’
724 1644 737 1657 ·
779 1628 870 1702 εἰς
899 1627 1029 1709 γῆν
1059 1617 1129 1690 δ’
1163 1627 1456 1710 ἔμπυρος
1485 1628 1711 1691 πίπτει
1740 1621 1999 1711 νεκρός.

390 1718 476 1802 ὥς
507 1718 571 1789 δ’
606 1717 739 1790 εἶδ’
764 1719 1131 1809 ’Ἄδραστος
1160 1729 1346 1808 Ζῆνα
1375 1726 1698 1810 πολέμιον
1727 1731 2009 1815 στρατῷ,

390 1825 511 1904 ἔξω
547 1823 811 1913 τάφρου
838 1833 1125 1892 καθῖσεν
1155 1818 1477 1913 Ἀργείων
1505 1823 1810 1910 στρατόν.

388 1930 455 1994 ol
480 1920 547 1992 δ’
580 1913 673 1992 αὖ
700 1921 859 2014 παρ’
894 1921 1084 2013 ἡμῶν
1110 1921 1335 2004 δεξιὸν
1359 1920 1528 2005 Διὸς
1555 1927 1747 2013 τέρας

393 2025 651 2106 ἰδόντες
676 2026 1043 2114 ἐξήλαυνον
1069 2021 1386 2114 ἁρμάτων
1413 2022 1610 2112 ὄχους
2035 2043 2168 2098 1190

390 2133 599 2224 ίππῆς
638 2124 931 2197 ὁπλῖται·
970 2131 1108 2207 κείς
1133 2123 1283 2214 με’σ’
1314 2123 1636 2218 Ἀργείων
1665 2123 1839 2197 ὅπλα

384 2235 693 2316 συνῆψαν
721 2236 878 2318 ἔγχη
898 2281 917 2316 ,
954 2227 1171 2298 πάντα
1198 2225 1263 2296 δ’
1297 2219 1384 2316 ἦν
1413 2225 1582 2319 ὁμοῦ
1611 2231 1783 2298 κακά
1801 2251 1816 2266 ·

390 2337 726 2417 ἔθνησκον
755 2334 1101 2413 ἐξέπιπτον
1128 2327 1444 2418 ἀντύγων
1475 2328 1630 2419 ἄπο,

388 2437 617 2520 τροχοί
643 2428 703 2499 τ’
738 2432 1007 2518 ἐπήδων
1042 2431 1273 2512 ἄξονές
1298 2430 1358 2499 τ’
1391 2434 1498 2499 ἐπ’
1535 2432 1757 2521 ἄξοσι,

386 2532 618 2620 νεκροὶ
641 2532 715 2600 δὲ
744 2546 1007 2622 νεκροῖς
1034 2532 1523 2620 ἐξεσωρεύονθ’
1561 2533 1753 2622 ὁμοῦ.
2033 2550 2165 2604 1195

388 2633 669 2724 πύργων
695 2633 819 2722 μὲν
844 2623 972 2702 οὖν
998 2639 1120 2720 γῆς
1158 2640 1434 2721 ἔσχομεν
1467 2631 1898 2721 κατασκαφὰς

388 2742 481 2816 εἰς
505 2733 629 2825 τὴν
657 2741 1007 2826 παροῦσαν
1034 2731 1419 2824 ἡμέραν··εἰ
1441 2734 1504 2804 δ’
1541 2733 1822 2824 εὐτυχὴς

388 2843 567 2906 ἔσται
594 2834 668 2907 τὸ
698 2833 936 2907 λοιπὸν
962 2833 1083 2925 ἥδε
1112 2842 1229 2926 γῆ,
1258 2847 1449 2918 θεοῖς
1473 2841 1678 2927 μέλει.

384 2936 592 3008 καλὸν
619 2935 694 3009 τὸ
726 2946 956 3008 νικᾶν·
989 2945 1053 3008 εἰ
1082 2935 1147 3007 δ’
1182 2935 1489 3028 ἀμείνον’
1523 2945 1595 3009 οἱ
1614 2941 1769 3009 θεοὶ
2034 2959 2166 3010 1200

385 3038 660 3129 γνώμην
690 3047 990 3129 ἔχουσιν,
1023 3037 1306 3128 εὐτυχὴς
1336 3051 1481 3129 εἴην
1507 3042 1658 3131 ἐγώ.

382 3149 600 3223 καλῶς
626 3139 707 3210 τὰ
736 3149 872 3212 τῶν
899 3150 1087 3214 θεῶν
1114 3146 1229 3213 καὶ
1260 3141 1342 3212 τὰ
1370 3151 1485 3234 τῆς
1513 3144 1717 3234 τύχης
1746 3152 1878 3232 ἔχει
1895 3167 1910 3181 ·

387 3246 617 3324 παῖδές
641 3272 713 3313 τε
741 3245 867 3336 γάρ
896 3273 1008 3334 μοι
1041 3252 1197 3328 ζῶσι
1224 3243 1655 3335 κάκπέφευγε
1683 3255 1790 3335 γῆ.

386 3349 623 3435 Κρέων
652 3343 929 3416 δὀἔοικε
956 3355 1093 3415 τῶν
1122 3350 1301 3433 ἐμῶν
1331 3348 1833 3436 νυμφευμάτων

380 3575 477 3627 καὶ
514 3577 621 3628 νῦν
656 3573 761 3644 γὰρ
800 3571 981 3646 αὐτὴν
1016 3575 1310 3646 δαιμόνων
1343 3575 1512 3632 ἔσωσέ
1543 3597 1646 3640 τις.
2029 3583 2168 3634 1199
