2534 3917
349 149 431 215 74

357 1344 495 1406 XO.

787 153 1247 212 ΙΦΙΓΕΝΕΙΑ
1285 153 1352 209 H
1387 153 1506 210 ΕΝ
1549 153 1913 212 ΤΑΤΡΟΙΣ

581 319 725 409 ἥτις
753 327 1014 410 βροτῶν
1041 320 1166 408 μὲν
1194 317 1280 406 ἤν
1309 347 1408 400 τις
1437 316 1683 408 ἅψηται
1713 318 1955 407 φόνου,

581 430 829 511 βωμῶν
860 419 1197 509 ἀπείργει,
1238 420 1546 511 μυσαρὸν
1575 417 1662 501 ὥς
1690 417 2049 510 ἡγουμένη,

583 523 750 611 αὐτὴ
785 524 857 593 δὲ
889 530 1162 603 θυσίαις
1190 519 1420 610 ἥδεται
1449 523 1933 612 βροτοκτόνοις.

580 623 705 696 οὐκ
737 623 887 694 ἔσθ’
920 651 1103 704 οπως
1134 631 1390 694 ἔτικτεν
1415 622 1456 711 »5
1488 623 1656 705 Διὸς
1685 624 1903 713 δαμαρ
2252 644 2354 698 385

581 725 776 816 Λητὼ
808 727 1139 814 τοσαύτην
1168 724 1489 814 ἀμαθίαν.
1534 725 1664 813 ἐγω
1694 728 1819 813 μὲν
1845 717 1973 796 οὖν

582 857 663 898 τα
701 829 1045 898 Ταντάλου
1073 838 1339 897 θεοῖσιν
1383 827 1738 915 ἑστιαματα
2069 899 2075 904 ,

584 955 823 1000 απιστα
854 939 1097 1019 κρίνω,
1130 926 1368 1009 παιδὸς
1395 927 1692 1016 ἡσθῆναι
1720 935 1913 1019 βορᾷ,
2021 905 2092 951 .

581 1031 738 1112 τοὺς
768 1029 836 1100 δ’
867 1028 1133 1117 ἐνθάδ’,
1166 1028 1413 1111 αὐτοὺς
1443 1028 1638 1111 ὄντας
1668 1028 2300 1120 ἀνθρωποκτόνους,

584 1141 677 1213 εἰς
703 1131 825 1219 τὴν
852 1131 1021 1202 θεὸν
1050 1131 1125 1202 τὸ
1156 1139 1423 1220 φαῦλον
1453 1129 1820 1221 ἀναφέρειν
1848 1138 2027 1202 δοκῶ
2047 1156 2060 1171 ·
2253 1151 2360 1207 390

583 1231 833 1304 οὐδένα
862 1232 1203 1322 γὰροῖμαι
1229 1233 1574 1321 δαιμόνων
1605 1233 1776 1302 εἶναι
1805 1234 2035 1304 κακόν.

582 1337 861 1404 κυάνεαι
889 1335 1169 1403 κυάνεαι
1198 1335 1474 1403 σύνοδοι
1503 1334 1868 1422 θαλάσσας,
2105 1359 2248 1424 στρ.

582 1434 675 1505 ἵν’
710 1435 965 1523 οἶστρος
996 1433 1031 1504 ὁ
1062 1435 1441 1523 ποτώμενος
1465 1433 1791 1523 Ἀργόθεν

582 1534 819 1619 ἄξενον
848 1534 953 1605 ἐπ’
997 1535 1195 1625 οἶδμα
1224 1540 1576 1624 διεπέρασε
1634 1546 1661 1576 *
1754 1543 1782 1576 *
2251 1557 2356 1610 395

578 1636 915 1725 Ἀσιήτιδα
942 1653 1142 1724 γαῖαν

581 1737 917 1830 Εὐρώπας
948 1747 1321 1828 διαμείψας.

580 1849 759 1922 τίνες
787 1838 935 1910 ποτ’
968 1839 1097 1931 ἄρα
1125 1840 1245 1911 τὸν
1277 1837 1572 1931 εὔυδρον
1602 1841 2011 1928 δονακόχλοα

582 1944 889 2022 λιπόντες
914 1941 1245 2032 Εὐρώταν
2251 1964 2359 2015 400

578 2041 625 2133 ἢ
654 2044 947 2134 ῥεύματα
975 2044 1184 2134 σεμνὰ
1211 2053 1470 2133 Δίρκας

584 2154 833 2233 ἔβασαν
864 2153 1113 2233 ἔβασαν
1138 2143 1416 2233 ἄμικτον
1438 2143 1624 2232 αἶαν,
1656 2151 1826 2214 ἔνθα
1853 2147 2063 2238 κούρᾳ

586 2253 699 2340 δία
726 2250 945 2333 τέγγει

580 2346 849 2436 βωμοὺς
875 2350 988 2416 καὶ
1020 2354 1402 2436 περικίονας
2243 2365 2353 2419 405

579 2447 784 2528 ναοὺς
811 2443 971 2535 αἷμα
997 2448 1338 2538 βρότειον·
1320 2500 1339 2530 ,

580 2541 623 2638 ἦ
653 2553 913 2636 ροθίοις
944 2556 1301 2629 εἰλατίναις
1328 2526 1692 2639 δικρότοισι
1722 2552 1978 2634 κώπαις
2093 2551 2235 2623 ἄντ.

581 2659 914 2721 ἔπλευσαν
941 2654 1051 2721 ἐπὶ
1076 2653 1318 2722 πόντια
1343 2650 1603 2738 κύματα

579 2752 772 2822 ναιον
801 2749 1013 2839 όχημα
1040 2752 1460 2842 λινοπόροισί
1483 2749 1544 2821 τ’
1580 2781 1837 2841 αυραις,
2249 2773 2356 2825 410

582 2853 1038 2941 φιλόπλουτον
1068 2850 1352 2940 ἅμιλλαν

581 2951 893 3034 αὔξοντες
919 2954 1389 3042 μελάθροισιν;

574 3063 741 3142 φίλα
768 3053 896 3142 γὰρ
925 3057 1109 3135 ἐλπὶς
1136 3054 1384 3142 ἐγένετ’
1417 3058 1525 3125 ἐπὶ
1555 3058 1808 3146 πήμασι
1836 3065 2100 3149 βροτῶν

578 3153 905 3246 ἄπληστος
946 3153 1354 3245 ἀνθρώποις,
2256 3181 2361 3233 415
2470 3194 2479 3203 ·

966 3279 1069 3334 392
1091 3307 1163 3316 -
1180 3281 1283 3335 406
1307 3259 1392 3329 εξ
1416 3283 1732 3336 407—420

2521 2289 2524 2351 1

553 3466 594 3544 ἢ
628 3475 725 3527 καὶ
758 3477 979 3544 λοχείας
1017 3469 1056 3544 ἢ
1088 3476 1298 3544 νεκροῦ
1331 3478 1469 3546 θίγῃ
1507 3484 1714 3544 χεροῖν,
2253 3479 2364 3530 :382
