2534 3917
310 181 394 242 72
740 185 1199 243 ΙΦΙΓΕΝΕΙΛ
1244 187 1316 242 Η
1352 185 1473 242 ΕΝ
1520 187 1888 244 ΤΑΥΡΟΙΣ

542 353 937 441 βάλλοντες,
968 351 1165 433 ἄλλος
1193 350 1490 422 ἄλλοθεν
1519 363 2008 443 προσκείμενοι.

547 447 632 525 οὗ
661 453 745 543 δὴ
772 454 846 524 τὸ
876 454 1109 526 δεινὸν
1134 453 1629 544 παρακέλευσμ’
1663 454 2080 546 ἠκούσαμεν·
2222 475 2323 529 320

546 557 867 645 Πυλάδη,
896 554 1310 644 θανούμεθ’,
1340 553 1489 625 ἀλλ’
1524 554 1704 638 ὅπως
1742 559 2146 648 θανούμεθα

544 656 858 730 κάλλισθ’
879 680 896 696 ·
938 663 1107 729 ἕπου
1135 687 1278 746 μοι,
1311 659 1662 748 φάσγανον
1691 659 1948 741 σπάσας
1971 668 2135 750 χερί.

543 757 633 842 ὥς
663 759 723 831 δ’
759 766 1029 849 εἴδομεν
1057 766 1343 830 δίπαλτα
1369 768 1707 849 πολεμίων
1732 765 1916 852 ξίφη,

544 871 735 954 φυγῇ
762 871 1039 944 λεπαίας
1065 866 1555 952 ἐξεπίμπλαμεν
1580 864 1817 945 νάπας.

545 962 692 1034 ἀλλ’
728 973 791 1036 εἰ
817 965 1028 1053 φύγοι
1056 994 1187 1052 τις,
1220 961 1444 1056 ἅτεροι
1485 974 1954 1056 προσκείμενοι
2223 981 2325 1035 325

550 1075 833 1156 ἔβαλλον
860 1063 1140 1149 αὐτούς·
1174 1075 1237 1137 εἰ
1264 1069 1339 1138 δὲ
1366 1065 1600 1139 τούσδ’
1633 1065 1944 1156 ὠσαίατο,

547 1162 753 1251 αὖθις
778 1167 853 1240 τὸ
880 1177 1014 1240 νῦν
1039 1166 1323 1240 ὑπεῖκον
1347 1167 1647 1260 ἤρασσον
1673 1173 1954 1260 πέτροις.

549 1270 699 1342 ἀλλ’
730 1264 817 1361 ἦν
845 1269 1157 1344 ἄπιστον·
1186 1282 1454 1363 μυρίων
1484 1271 1612 1364 γὰρ
1639 1277 1714 1343 ἐκ
1740 1280 1959 1360 χερῶν

548 1370 771 1452 οὐδεὶς
804 1372 884 1439 τὰ
916 1381 1031 1458 τῆς
1087 1383 1264 1444 θεοῦ
1313 1372 1566 1462 θύματ’
1591 1372 1865 1464 ηὐτύχει
1893 1371 2144 1462 βαλιόν.

548 1476 739 1563 μόλις
767 1480 848 1545 δέ
868 1503 982 1546 νιν
1010 1476 1221 1566 τόλμῃ
1248 1477 1374 1563 μὲν
1403 1472 1487 1545 οὐ
1515 1475 1947 1567 χειρούμεθα,
2225 1491 2330 1546 330

547 1576 777 1669 κύκλῳ
806 1577 883 1646 δὲ
908 1579 1383 1667 περιβαλόντες
1411 1581 1854 1666 ἐξεκλέψαμεν

548 1683 847 1769 πέτροισι
874 1687 1122 1769 χειρῶν
1148 1677 1471 1768 φάσγαν’,
1504 1687 1597 1762 είς
1623 1681 1698 1750 δὲ
1726 1687 1856 1768 γῆν
1883 1680 2054 1767 γόνυ

548 1781 819 1874 καμάτῳ
846 1793 1195 1852 καθεῖσαν.
1228 1780 1396 1873 πρὸς
1423 1778 1488 1850 δ’
1521 1779 1776 1852 ἄνακτα
1812 1787 2013 1869 τῆσδε
2051 1787 2173 1868 γῆς

550 1889 905 1973 κομίζομέν
932 1913 1062 1955 νιν.
1091 1882 1131 1955 ’ὁ
1160 1882 1226 1956 δ’
1263 1882 1510 1955 ἐσιδών
1533 1881 1698 1954 ὅσον
1725 1883 1917 1971 τάχος

552 1994 645 2067 είς
673 1987 985 2078 χέρνιβάς
1010 2017 1082 2058 τε
1114 1991 1228 2057 καὶ
1260 1984 1532 2076 σφαγεῖ’
1566 1989 1820 2074 ἔπεμπέ
1844 2007 1972 2055 σοι.
2226 2001 2332 2055 335

552 2085 756 2178 εὔχου
786 2090 861 2158 δὲ
888 2088 1102 2159 τοιάδ’
1136 2080 1192 2158 ὦ
1218 2096 1420 2158 νεᾶνί
1441 2111 1547 2158 σοι
1577 2092 1790 2172 ξένων

549 2191 806 2280 σφάγια
836 2209 1149 2278 παρεῖναι
1167 2215 1181 2228 ·
1214 2186 1344 2260 κᾶν
1373 2187 1738 2281 ἀναλίσκῃς
1763 2194 1997 2273 ξένους

550 2292 895 2380 τοιούσδε,
926 2292 1046 2362 τὸν
1074 2291 1197 2363 σὰν
1216 2289 1444 2372 Ἑλλὰς
1471 2291 1774 2362 ἀποτίσει
1805 2291 2020 2381 φόνον

552 2401 771 2478 [δίκας
798 2402 1077 2464 τίνουσα
1104 2403 1220 2483 τῆς
1248 2398 1323 2464 ἐν
1348 2391 1599 2465 Αὐλίδι
1631 2400 1941 2483 σφαγῆς].

319 2507 379 2567 Χ
384 2507 458 2564 0.
547 2493 888 2585 θαυμάστ’
922 2501 1145 2580 ἔλεξας
1171 2495 1291 2567 τὸν
1320 2494 1641 2586 (μανένθ’,
1673 2494 1854 2578 ὅστις
1883 2497 2041 2566 ποτε
2226 2511 2334 2566 340

304 2629 307 2632 ⁴
528 2596 851 2689 Ἕλληνος
879 2603 953 2669 ἐκ
982 2608 1105 2688 γῆς
1132 2600 1384 2670 πόντον
1414 2590 1629 2689 ἦλθεν
1658 2597 1914 2682 ἄξενον.

317 2711 465 2772 RD?
546 2702 702 2772 εἶεν.
734 2701 822 2773 σύ
850 2704 975 2791 μὲν
1004 2703 1227 2792 κόμιζε
1254 2702 1412 2783 τοὺς
1438 2705 1671 2786 ξένους
1697 2699 1958 2789 μολεόν·

550 2805 630 2874 τὰ
659 2803 725 2874 δ’
759 2803 1001 2875 ἐνθάδ’
1034 2803 1221 2894 ἡμεῖς
1248 2801 1357 2874 οἷα
1387 2803 1917 2896 φροντιούμεθα.

552 2899 607 2976 ὦ
635 2913 881 2998 καρδία
908 2905 1219 2994 τάλαινα,
1250 2910 1412 2992 πρὶν
1437 2907 1564 2995 μὲν
1592 2913 1685 2987 εἰς
1713 2909 1944 2989 ξένους
2150 2984 2161 2994 ,

550 3006 839 3099 γαληνὸς
866 2999 1049 3095 ἦσθα
1076 3011 1190 3078 καὶ
1219 3017 1706 3100 φιλοικτίρμων
1735 3004 1864 3095 ἀεί,
2227 3023 2338 3076 345

550 3120 644 3192 εἰς
671 3108 1123 3199 θοὺμόφυλον
1152 3108 1699 3200 ἀναμετρουμένη
1730 3109 1971 3199 δάκρυ,

531 3211 855 3302 Ἕλληνας
884 3209 1135 3303 ἄνδρας
1160 3209 1342 3302 ἡνίκ’
1378 3220 1473 3294 εἰς
1499 3216 1693 3304 χέρας
1722 3212 1968 3300 λάβοις.

549 3324 683 3388 νῦν
710 3313 777 3385 δ’
812 3320 877 3400 ἐξ
907 3312 1198 3406 ὀνείρων
1226 3311 1404 3387 οἶσιν
1432 3313 1847 3406 ἠγριώμεθα,

523 3538 813 3592 δοκοῦσαν
842 3531 1112 3603 Ὀρέστην
1154 3530 1368 3604 μηκέθ’
1403 3529 1571 3605 ἥλιον
1607 3531 1850 3605 βλέπειν,
2231 3532 2339 3586 349
