2534 3917
293 206 336 268 4
759 210 1216 267 ΙΦΙΓΕΝΕΙΑ
1259 210 1332 267 Η
1366 210 1486 266 ΕΝ
1522 208 1835 267 ΑΥΛΙΔΙ

534 375 756 466 γλυκὺ
783 380 943 465 μέν,
973 386 1178 447 λυπεῖ
1204 376 1281 446 δὲ
1308 376 1859 467 προσιστάμενον.

534 479 682 549 τοτὲ
710 478 836 567 μὲν
870 477 951 550 τὰ
980 486 1171 548 θεῶν
1199 476 1327 549 οὐκ
1356 475 1744 569 ὀρθωθέντ’

536 578 860 673 ἀνέτρεψε
886 588 1075 670 βίον,
1105 581 1252 651 τοτὲ
1282 578 1348 650 δ’
1381 577 1778 673 ἀνθρώπων

537 690 800 771 γνῶμαι
829 685 1069 753 πολλαὶ

536 787 651 855 καὶ
679 783 1079 876 δυσάρεστοι
1108 787 1521 855 διέκναισαν.

298 896 435 957 ΠΡ.
533 883 660 957 ούκ
689 884 940 977 ἄγαμαι
964 883 1158 957 ταῦτ’
1192 882 1441 977 ἀνδρὸς
1473 883 1792 977 ἀριστέως
1814 908 1829 924 ·

535 986 662 1060 ούκ
693 991 804 1059 ἐπὶ
831 996 1038 1060 πᾶσίν
1068 985 1138 1058 σ’
1172 985 1497 1077 ἑφύτευσ’
1532 985 1839 1077 ἀγαθοῖς,

527 1088 975 1180 Ἀγάμεμνον,
999 1088 1288 1182 Ἀτρεύς.

535 1200 646 1263 δεῖ
667 1197 748 1264 δέ
771 1216 847 1263 σε
872 1202 1133 1285 χαίρειν
1160 1194 1275 1263 καὶ
1304 1201 1666 1263 λυπεῖσθαι
1684 1214 1700 1229 ·

536 1294 787 1385 θνητὸς
814 1295 942 1385 γὰρ
975 1302 1164 1385 ἔφυς.
1223 1290 1353 1364 κᾶν
1379 1293 1468 1383 μὴ
1502 1292 1590 1364 σὺ
1621 1296 1847 1385 θέλῃς,

535 1396 617 1468 τὰ
643 1404 832 1467 θεῶν
863 1393 1041 1467 οὕτω
1073 1394 1438 1485 βουλόμεν’
1472 1404 1673 1467 ἔσται.

540 1498 626 1568 σύ
659 1499 736 1569 δὲ
763 1504 1144 1588 λαμπτῆρος
1173 1497 1347 1587 φάος
1377 1494 1759 1585 ἀμπετάσας

536 1602 773 1671 δέλτον
798 1628 871 1671 τε
897 1599 1178 1691 γράφεις

535 1699 728 1793 τήνδ’
761 1698 848 1791 ἢν
875 1700 1006 1793 πρὸ
1035 1704 1255 1792 χερῶν
1288 1708 1384 1772 ἔτι
1411 1701 1772 1791 βαστάζεις,

534 1807 649 1875 καὶ
674 1802 883 1875 ταύτὰ
912 1803 1116 1874 πάλιν
1142 1802 1495 1895 γράμματα
1521 1820 1789 1892 συγχεῖς

477 1951 480 1956 -
533 1908 647 1976 καὶ
676 1914 1059 2000 σφραγίζεις
1087 1904 1272 1987 λύεις
1301 1902 1365 1978 τ’
1397 1902 1613 1977 ὀπίσω

533 2014 787 2100 ῥίπτεις
815 2038 887 2080 τε
915 2013 1098 2101 πέδῳ
1130 2007 1429 2098 πεύκην,
1458 2007 1763 2099 θαλερὸν

534 2111 700 2181 κατὰ
733 2112 951 2201 δάκρυ
978 2114 1173 2200 χέων,

533 2216 647 2284 καὶ
674 2220 812 2283 τῶν
842 2210 1118 2303 ἀπόρων
1143 2208 1429 2294 οὐδενὸς
1456 2215 1674 2294 ἐνδεῖς

529 2312 621 2405 μὴ
649 2311 735 2385 ού
761 2322 1148 2404 μαίνεσθαι.

531 2425 602 2487 τί
633 2426 893 2494 πονεῖς;
930 2417 998 2479 τί
1029 2414 1188 2479 νέον
1223 2411 1376 2499 περὶ
1410 2417 1553 2503 σοί,
1591 2422 1904 2503 βασιλεῦς

533 2521 700 2645 φέρε
726 2525 1061 2588 κοίνωσον
1087 2524 1319 2605 μῦθον
1344 2522 1411 2601 ἐς
1436 2514 1629 2609 ἡμᾶς.

531 2646 698 2714 προς
726 2618 796 2690 δ’
833 2617 1018 2712 ἄνδρ’
1050 2616 1321 2709 ἀγαθὸν
1349 2619 1589 2692 πιστόν
1616 2648 1688 2691 τε
1717 2620 1995 2714 φράσεις
2012 2644 2030 2660 ·

529 2732 614 2815 σῇ
647 2723 775 2815 γάρ
803 2720 882 2813 μ’
917 2720 1138 2814 ἀλόχῳ
1166 2723 1317 2793 τότε
1358 2721 1757 2816 Τυνδάρεως

531 2829 776 2915 πέμπει
805 2823 1070 2915 φερνὴν

530 2925 1106 3015 συννυμφοκόμον
1135 2954 1206 2997 τε
1235 2932 1524 2999 δίκαιον.

291 3138 495 3204 ΑΓΛ.
533 3133 846 3221 ἐγένοντο
873 3130 1068 3222 Λήδα
1096 3132 1413 3203 Θεστιάδι
1438 3148 1617 3223 τρεῖς
1645 3136 2003 3226 παρθένοι,

527 3240 744 3322 Φοίβη
773 3232 1334 3324 Κλυταιμνήστρα
1361 3230 1423 3303 τ’
1463 3233 1585 3326 ἐμὴ
1612 3235 1939 3327 ξυνάορος

519 3332 751 3424 Ἑλένη
778 3362 850 3404 τε
869 3356 884 3371 ·
914 3334 1158 3425 ταύτης
1190 3342 1262 3405 οἱ
1297 3334 1377 3406 τὰ
1405 3336 1619 3429 πρῶτ’
1652 3334 2054 3427 ὠλβισμένοι

534 3442 907 3526 μνηστῆρες
933 3427 1154 3525 ἦλθον
1172 3434 1483 3521 Ἑλλάδος
1510 3448 1795 3510 νεανίαι.

531 3540 752 3609 δειναὶ
778 3535 845 3607 δ’
879 3535 1148 3608 ἀπειλαὶ
1177 3541 1291 3608 καὶ
1320 3536 1472 3609 κατ’
1504 3537 1816 3632 ἀλλήλων
1849 3540 2061 3631 φόνος

2248 606 2319 659 25

2242 1620 2313 1675 35

2238 2131 2313 2184 40

2240 2638 2308 2691 45
