2534 3917
271 111 395 176 376

1032 113 1456 184 ΤΡΩΙΛΔΕΣ

508 281 753 350 δώσειν
782 277 1115 368 ὑπέσχετ’,
1148 287 1211 348 εί
1246 278 1413 361 θεὰς
1440 276 1858 370 ὑπερδράμοι
2177 303 2274 358 930

499 384 747 452 κάλλει.
782 379 901 451 τὸν
931 379 1200 451 ἐνθένδ’
1234 409 1324 462 ως
1351 388 1484 468 ἔχει
1513 386 1752 464 σκέψαι
1778 385 2014 471 λόγον·

502 493 659 576 νικᾷ
687 485 952 607 Κύπρις
978 483 1142 570 θεά,
1177 485 1291 552 καὶ
1324 482 1592 553 τοσόνδ’
1625 481 1822 574 οὑμοὶ
1850 487 2050 575 γάμοι

502 585 770 675 ὤνησαν
790 572 1075 674 Ελλάδᾎ
1104 583 1185 655 οὐ
1217 583 1564 674 κρατεῖσθ’
1599 591 1670 656 ἐκ
1697 590 2083 680 βαρβάρων,

501 685 647 758 ουτ’
683 696 775 769 εἰς
806 687 976 779 δόρυ
1004 691 1400 774 σταθέντες,
1433 715 1516 756 ου
1545 696 1918 778 τυραννίδι.

505 786 548 859 ἃ
575 788 639 859 δ’
667 788 1040 880 ηῦτύχησεν
1063 787 1322 876 Ἑλλάς,
1355 786 1624 879 ωλόμην
1652 791 1782 879 ἐγώ
2179 813 2286 866 935

504 889 838 985 εὐμορφίᾳ
864 902 1200 984 πραθεῖσα
1228 888 1691 980 κώνειδίζομαι

502 998 566 1075 ἐξ
599 985 696 1062 ὧν
724 999 924 1087 ἐχρῆν
949 1021 1030 1082 με
1064 997 1400 1081 στέφανον
1427 995 1534 1063 ἐπὶ
1562 994 1736 1088 κάρᾳ
1764 1003 2016 1084 λαβεῖν.

504 1092 691 1166 οῦπω
720 1124 801 1185 με
831 1095 1066 1187 φήσεις
1094 1091 1265 1166 αὐτὰ
1293 1093 1415 1164 τάν
1449 1097 1649 1166 ποσὶν
1681 1101 1922 1186 λέγειν,

505 1195 683 1280 ὅπως
718 1194 1075 1292 άφώρμησ’
1110 1203 1181 1268 ἐκ
1211 1197 1440 1285 δόμων
1465 1204 1603 1267 τῶν
1631 1206 1772 1268 σῶν
1797 1199 2042 1291 λάθρᾳ.

502 1292 661 1386 ἦλθ’
705 1298 855 1389 οὐχὶ
887 1299 1132 1391 μικρὰν
1160 1299 1330 1370 θεὸν
1358 1309 1528 1388 ἔχων
1561 1295 1775 1370 αὑτοῦ
1806 1304 1968 1390 μέτα
2180 1321 2288 1376 940

502 1401 537 1471 6
566 1399 755 1489 τῆσδ’
792 1401 1132 1492 ἀλάστωρ,
1166 1400 1287 1471 εἴτ’
1329 1399 1764 1495 Ἁλέξανδρον
1791 1407 2015 1486 θέλεις

505 1501 778 1590 ὀνόματι
807 1520 1239 1595 προσφωνεῖν
1271 1531 1384 1574 νιν
1415 1514 1546 1574 εἴτε
1575 1507 1710 1589 [καὶ
1735 1506 2016 1596 Πάριν]·

504 1633 619 1690 ον,
650 1632 703 1673 ω
732 1605 1035 1694 κάκιστε,
1064 1621 1281 1676 σοῖσιν
1309 1609 1383 1675 ἐν
1413 1605 1640 1696 δόμοις
1666 1607 1881 1677 λιπων

500 1707 817 1798 Σπάρτης
845 1705 1101 1799 ἀπῆρας
1128 1710 1241 1796 νηὶ
1268 1716 1578 1798 Κρησίαν
1602 1709 1839 1798 χθόνα.

502 1809 657 1879 εἷεν.

500 1910 581 1980 οὐ
614 1910 705 2000 σ’,
740 1911 887 1984 ἀλλ’
922 1912 1215 2004 ἐμαυτὴν
1245 1910 1447 2006 τούπὶ
1475 1910 1636 2007 τῷδ’
1673 1912 2022 2004 ἐρήσομαι·
2177 1931 2290 1986 945

498 2021 568 2083 τί
591 2012 675 2102 δὴ
709 2013 1081 2108 φρονῆσασ’
1120 2020 1191 2086 ἐκ
1222 2015 1452 2104 δόμων
1480 2011 1598 2104 ἅμ’
1639 2015 1934 2106 ἑσπόμην

495 2119 674 2208 ξένω,
690 2125 1034 2209 προδοῦσα
1062 2124 1349 2209 πατρίδα
1379 2122 1490 2188 καὶ
1529 2117 1777 2205 δόμους
1809 2118 2044 2206 ἐμοῦς;

497 2217 621 2306 τὴν
647 2217 817 2289 θεὸν
845 2221 1077 2304 κόλαζε
1105 2212 1217 2289 καὶ
1246 2219 1416 2302 Διὸς
1448 2227 1780 2311 κρείσσων
1809 2227 2039 2312 γενοῦ,

502 2317 574 2400 ὃς
603 2328 739 2390 τῶν
766 2322 891 2408 μὲν
920 2319 1143 2391 ἄλλων
1173 2323 1519 2410 δαιμόνων
1547 2330 1681 2412 ἔχει
1708 2324 1968 2415 κράτος,

500 2429 726 2508 κείνης
760 2423 835 2491 δὲ
864 2422 1105 2504 δοῦλός
1134 2427 1305 2492 ἐστι·
1339 2413 1703 2514 συγγνώμη
1737 2422 1803 2494 δ’
1842 2430 2008 2513 ἐμοί.
2175 2441 2286 2496 950

499 2530 705 2592 ἔνθεν
732 2521 799 2593 δ’
840 2531 1009 2613 ἔχοις
1038 2519 1123 2595 ἂν
1154 2533 1246 2607 εἰς
1277 2525 1381 2615 ἔμ’
1417 2524 1715 2617 εὐπρεπῆ
1743 2527 1948 2615 λόγον
1966 2548 1982 2563 ·

496 2629 640 2696 ἐπεὶ
674 2625 913 2698 θανων
940 2636 1061 2718 γῆς
1088 2619 1249 2717 ἦλθ’
1283 2627 1710 2719 Ἀλέξανδρος
1736 2629 2009 2721 μυχούς,

496 2737 664 2819 χρῆν
691 2727 790 2819 μ’,
820 2728 1003 2821 ηνίκ’
1039 2760 1163 2801 ουκ
1193 2723 1281 2821 ἦν
1307 2730 1691 2820 θεοπόνητά
1720 2755 1852 2819 μου
1880 2735 2056 2829 λέχη,

501 2839 832 2903 λιποῦσαν
866 2845 1093 2915 οἴκους
1123 2842 1292 2916 ναῦς
1319 2831 1424 2904 ἐπ’
1453 2828 1773 2923 Ἀργείων
1803 2843 2055 2922 μολεῖν.

500 2939 829 3002 ἔσπευδον
860 2934 1023 3006 αὐτὸ
1056 2943 1286 3006 τοῦτο·
1317 2935 1651 3026 μάρτυρες
1683 2939 1765 3005 δέ
1796 2964 1910 3025 μοι
2138 2953 2279 3008 -955

496 3032 779 3123 πύργων
813 3039 1115 3128 πυλωροὶ
1143 3035 1318 3108 κάπὸ
1352 3041 1623 3126 τειχέων
1655 3044 1916 3126 σκοποί,

498 3145 569 3204 οἳ
592 3134 908 3218 πολλάκις
934 3136 1005 3227 μ’
1042 3142 1336 3230 ἐφηῦρον
1370 3144 1434 3223 ἐξ
1464 3141 1800 3223 ἐπάλξεων

497 3247 885 3309 πλεκταῖσιν
916 3247 1007 3322 εἰς
1038 3247 1165 3329 γῆν
1193 3248 1382 3331 σῶμα
1410 3247 1828 3312 κλέπτουσαν
1854 3243 2028 3312 τόδε.

495 3348 612 3431 βίᾳ
641 3339 703 3410 δ’
738 3337 773 3410 6
802 3343 1031 3425 καινός
1057 3341 1128 3433 μ’
1162 3335 1357 3426 οὗτος
1385 3342 1684 3434 ἁρπάσας
1711 3345 1903 3424 πόσις

497 3449 850 3530 Δηίφοβος
878 3441 1117 3533 ἄλοχον
1153 3445 1328 3531 εἶχεν
1355 3443 1662 3514 ἀκόντων
1690 3452 2004 3533 Φρυγῶν.
2167 3463 2276 3518 960
