2534 3917
355 214 434 278 16
842 213 1307 275 ῙΦΙΓΕΝΕΙΑ
1344 213 1417 270 Η
1447 213 1568 271 ΕΝ
1608 213 1926 271 ΑΤΛΙΔΙ

591 384 830 467 πόλεος
846 380 935 466 ὥς
951 381 1177 474 ἅρχων
1203 380 1377 473 ἀνὴρ
1392 388 1540 469 πᾶς,
1556 381 1832 465 ξύνεσιν
1858 378 1946 470 ἦν
1974 392 2148 473 ἔχων
2175 390 2373 479 τύχῃ.
2506 274 2509 467 Ῐ

353 495 493 560 XO
587 486 820 558 δεινὸν
845 486 1304 575 κασιγνήτοισι
1328 492 1687 574 γίγνεσθαι
1716 484 1958 573 λόγους
2264 508 2375 563 376

590 590 799 678 μάχας
826 586 942 678 θ’,
971 586 1135 659 ὅταν
1161 583 1310 658 ποτ’
1341 589 1716 676 ἐμπέσωσιν
1746 594 1839 669 εἰς
1867 594 2033 681 ἔριν.

357 700 554 764 ΑΓΛ.
593 693 932 782 βούλομαί
965 688 1031 760 σ’
1081 697 1297 761 εἰπεῖν
1335 696 1557 771 κακῶς
1596 717 1721 777 av,
1759 692 2042 780 βραχέα,
2082 691 2173 783 μὴ
2211 702 2375 766 λίαν

1262 820 1403 861 ανω

591 898 899 989 βλέφαρα
926 894 1092 986 πρὸς
1118 890 1425 975 τάναιδὲς
1452 890 1761 983 ἀγαγών,
1804 891 1971 965 ἀλλὰ
2012 918 2377 990 σωφρονε-
2509 962 2510 997 ι

1265 999 1534 1086 στέρως,

593 1128 682 1182 ως
725 1097 1028 1190 ἀδελφὸν
1079 1096 1247 1169 ὅντ’.
1305 1096 1477 1189 ἀνὴρ
1519 1096 1648 1191 γὰρ
1702 1098 1983 1191 χρηστὸς
2020 1108 2373 1175 αἰδεῖσθαι

1261 1208 1465 1291 φιλεῖ.
2261 1221 2373 1276 380

591 1307 742 1375 εἰπέ
762 1332 910 1395 μοι,
939 1311 1010 1374 τί
1043 1302 1234 1374 δεινὰ
1262 1309 1483 1395 φυσᾷς
1511 1301 1882 1394 αἱματηρὸν
1910 1301 2070 1395 ὄμμ’
2104 1314 2312 1394 ἔχωνς

588 1415 689 1487 τίς
717 1404 943 1476 ἀδικεῖ
964 1427 1073 1491 σε;
1102 1412 1224 1475 τοῦ
1251 1408 1604 1496 κέχρησαι;
1647 1408 1891 1499 λέκτρα
1931 1406 2162 1500 χρήστ’
2206 1412 2365 1503 ἐρᾷς

1259 1515 1528 1596 λαβεῖν;

587 1606 716 1681 οὐκ
771 1606 985 1698 ἔχοιμ’
1043 1607 1131 1679 ἅν
1170 1632 1277 1680 σοι
1317 1626 1715 1700 παρασχεῖν·
1772 1602 1872 1681 ὧν
1914 1610 2043 1705 γὰρ
2086 1612 2367 1703 ἐκτήσω,

1261 1738 1482 1793 κακως

587 1806 804 1906 ἦρχες.
833 1811 943 1884 εἶτ’
961 1811 1090 1905 ἐγώ
1108 1820 1309 1905 δίκην
1334 1818 1431 1882 δῶ
1458 1820 1599 1883 σῶν
1625 1821 1875 1904 κακῶν,
1891 1812 1927 1886 ὁ
1942 1814 2033 1906 μὴ
2047 1826 2367 1907 σφαλείς,

587 1914 632 2006 ἦ
660 1917 894 1989 δάκνει
922 1939 998 1988 σε
1025 1915 1100 1989 τὸ
1144 1916 1500 2009 φιλότιμον
1537 1911 1826 2005 τούμόν;
1880 1914 2016 1989 ἀλλ’
2049 1923 2125 1989 ἐν
2152 1915 2369 2008 ἀγκά-

1261 2028 1407 2101 λαις
1468 2083 1473 2092 .
2022 2104 2029 2109 ι
2260 2038 2369 2094 385

591 2120 892 2215 εὐπρεπῆ
920 2138 1210 2212 γυναῖκα
1235 2121 1513 2213 χρῄζεις,
1528 2119 1603 2191 τὸ
1631 2126 2100 2211 λελογισμένον
2126 2128 2366 2213 παρεὶς

589 2225 703 2294 καὶ
729 2223 805 2294 τὸ
831 2224 1062 2313 καλόν,
1081 2231 1293 2313 ἔχεως
1324 2230 1628 2316 πονηροῦ
1644 2222 1867 2312 φωτὸς
1879 2221 2116 2312 ἡδοναὶ
2130 2233 2363 2295 κακαί.

591 2332 651 2397 εἰ
693 2322 759 2395 δ’
808 2324 938 2414 ἐγώ
981 2325 1188 2415 γνοὺς
1227 2326 1535 2417 πρόσθεν
1573 2322 1701 2397 οὐκ
1742 2316 1823 2397 εὖ
1842 2328 2210 2415 μετετέθην
2238 2323 2365 2396 εὗ-

1259 2435 1524 2520 βουλίᾳ,

586 2537 940 2620 μαίνομαι;
971 2528 1056 2600 σύ
1070 2537 1347 2619 μᾶλλον,
1376 2552 1555 2612 οστις
1582 2525 1907 2613 ἀπολέσας
1935 2528 2149 2603 κακὸν
2176 2534 2363 2621 λέχος

589 2630 955 2722 ἀναλαβεῖν
967 2635 1210 2722 θέλεις,
1227 2640 1404 2704 θεοῦ
1415 2653 1522 2703 σοι
1536 2631 1660 2723 τὴν
1685 2632 1897 2723 τύχην
1924 2633 2229 2715 διδόντος
2258 2626 2358 2705 εὖ.

589 2734 861 2825 ωμοσαν
886 2734 1008 2808 τὸν
1042 2731 1529 2826 Τυνδάρειον”
1475 2763 1696 2826 ορκον
1722 2742 1795 2807 οἱ
1812 2736 2233 2828 κακόφρονες
2257 2752 2357 2807 391

589 2836 952 2927 φιλόγαμοι
992 2845 1385 2930 μνηστῆρες.
1438 2827 1561 2927 ἦγε
1617 2834 1687 2907 δ’
1740 2842 1927 2921 ἐλπίς
1943 2892 1961 2927 ,
2004 2838 2188 2928 οἶμαι
2213 2840 2363 2928 μέν,

1263 2938 1425 3022 θεὸς

499 3108 502 3111 ,
587 3036 995 3131 κάξέπραξεν
1021 3039 1186 3113 αὐτὸ
1213 3051 1471 3132 μᾶλλον
1496 3036 1540 3132 ἢ
1568 3040 1655 3112 σύ
1683 3044 1798 3113 καὶ
1825 3040 1901 3113 τὸ
1931 3039 2055 3113 σὸν
2095 3044 2366 3123 σθένος.

584 3140 710 3225 οὓς
739 3140 967 3232 λαβών
997 3139 1334 3233 στράτευ’·
1381 3143 1631 3229 ἕτοιμοι
1676 3140 1745 3211 δ’
1788 3143 1913 3211 εἰσὶ
1947 3148 2167 3232 μωρίᾳ
2190 3168 2366 3230 φρε-

1243 3266 1407 3307 ·νων
1423 3268 1437 3282 ·

580 3337 666 3408 οὐ
704 3338 832 3427 γὰρ
868 3337 1198 3409 ἀσύνετον
1233 3338 1308 3407 τὸ
1342 3349 1573 3426 θεῖον,
1610 3338 1754 3408 ἀλλ’
1798 3344 1929 3425 ἔχει
1966 3341 2273 3408 συνιέναι

579 3436 739 3516 τούς
777 3444 997 3517 κακοῖς
1026 3442 1355 3523 παγέντας
1386 3433 1633 3522 ὅρκους
1668 3438 1773 3504 καὶ
1808 3441 2362 3521 κατηναγκασμέ-

1265 3558 1449 3611 νους.
2256 3549 2365 3603 395
