2534 3917
1084 136 1469 194 ΟΡΕΣΤΗΣ
2128 136 2247 199 267

466 303 666 393 γάμοι
696 300 761 372 δ’
799 299 980 383 ὅσοις
1007 304 1130 391 μὲν
1161 294 1240 371 εὖ
1269 311 1677 374 καθεστᾶσιν
1707 313 1993 395 βροτῶν,

463 404 788 496 μακάριος
813 404 1013 473 αίοόν·
1049 398 1147 485 οἷς
1176 405 1251 475 δὲ
1279 402 1368 494 μῆ
1397 414 1756 475 πίπτουσιν
1788 398 1887 494 εὖ,

466 508 547 577 τά
575 504 636 576 τ’
674 512 874 576 ἔνδον
906 509 1034 575 εἰσὶ
1064 507 1145 575 τά
1174 534 1245 576 τε
1273 506 1526 596 θύραζε
1556 513 1927 595 δυστυχεῖς.

235 621 380 683 XO.
466 608 571 679 ἀεὶ
599 625 916 698 γυναῖκες
945 607 1257 696 ε’μποδών
1287 624 1429 689 ταῖς
1450 626 1829 699 συμφοραῖς
2150 631 2246 679 [ins.-

469 719 732 801 ἔφυσαν
762 708 1037 799 ἀνδρῶν
1068 709 1235 800 πρὸς
1265 708 1339 779 τὸ
1371 714 1921 803 δυστυχέστερον.

244 824 377 885 ΤΥ.
460 817 604 884 ἐπεὶ
637 811 972 902 θρασύνει
1003 810 1173 900 κούχ
1203 810 1596 882 ὑποστέλλει
1623 812 1824 906 λόγῳ,

469 914 646 985 οὕτω
677 912 742 985 δ’
778 912 1040 1002 ἀμείβει
1067 912 1138 1002 μ’
1177 912 1347 984 ὥστε
1378 912 1449 1004 μ’
1485 912 1771 1005 ἀλγῆσαι
1802 920 2042 1006 φρένα,

465 1017 721 1106 μᾶλλόν
748 1014 821 1103 μ’
854 1013 1134 1098 ἀνάψεις
1162 1018 1271 1085 ἐπὶ
1299 1014 1421 1085 σὸν
1448 1020 1749 1099 ἐξελθεῖν
1780 1017 2030 1105 φόνον·

469 1118 679 1189 καλὸν
709 1118 1052 1207 πάρεργον
1080 1114 1146 1186 δ’
1179 1114 1345 1187 αὐτὸ
1378 1118 1673 1207 θήσομαι
1700 1118 1930 1187 πόνων
2150 1139 2246 1191 {7:11ss

471 1212 569 1291 οἷν
618 1222 820 1290 εἵνεκ’
867 1210 1088 1307 ἦλθον
1116 1222 1412 1309 θυγατρὶ
1441 1220 1799 1309 κοσμήσων
1830 1218 2062 1308 τάφοιι.

469 1320 696 1411 μολών
722 1319 849 1410 γάρ
883 1329 976 1401 είς
1005 1328 1327 1409 ἔκκλητον
1349 1319 1671 1409 Ἀργείων
1699 1318 1898 1408 ὄχλον

473 1428 762 1495 ἑκοῦσαν
792 1420 917 1510 οὐχ
945 1426 1236 1493 ἑκοῦσαν
1274 1428 1585 1493 ἐπισείσω
1617 1423 1832 1492 πόλιν.

473 1529 578 1596 σοὶ
606 1533 688 1615 σῇ
719 1523 780 1593 τ’
815 1522 1112 1615 ἀδελφῇ,
1149 1524 1470 1613 λεύσιμον
1500 1531 1739 1596 δοῦναι
1769 1531 1985 1612 δίκην.

469 1635 721 1716 μᾶλλον
757 1624 824 1697 δ’
860 1632 1082 1716 ἐκείνη
1116 1634 1240 1696 σοῦ
1274 1638 1518 1697 θανεῖν
1557 1632 1821 1714 ἐπαξία,
2150 1647 2246 1695 ms]

469 1726 516 1818 ἢ
541 1738 622 1819 τῇ
649 1728 934 1819 τεκούσῃ
971 1726 1036 1798 σ’
1069 1725 1381 1819 ήγρι’ωσ’,
1430 1732 1496 1805 ἐς
1532 1720 1650 1810 οὖς
1682 1725 1788 1796 ἀεὶ

470 1832 819 1919 πέμπουσα
846 1830 1113 1919 μύθους
1144 1832 1250 1900 ἐπὶ
1282 1829 1355 1899 τὸ
1387 1833 1934 1918 δυσμενέστερον,

473 1929 764 2023 ὀνείρατ’
803 1930 1218 2021 ἀγγέλλουσα
1246 1929 1760 2021 τάγαμέμνονος,

474 2038 587 2104 καὶ
621 2032 820 2104 τοῦθ’
858 2031 898 2103 ὃ
928 2034 1282 2124 μισήσειαν
1314 2041 1655 2121 Αἰγίσθου
1689 2035 1874 2119 λέχος

476 2142 545 2207 oc
567 2140 866 2226 νέρτεροι
895 2145 1082 2225 θεοί,
1118 2138 1232 2206 καὶ
1260 2134 1388 2226 γὰρ
1420 2134 1659 2205 ἐνθάδ’
1693 2126 1780 2223 ἦν
1810 2135 2070 2222 πικρόν,
2150 2155 2250 2203 fiam

483 2243 604 2321 ἕως
634 2235 868 2327 ὑφῆψε
904 2238 1077 2326 δῶμ’
1114 2236 1509 2329 ἀνηφαίστῳ
1544 2245 1730 2328 πυρί.

478 2343 823 2426 Μενέλαε,
853 2345 957 2411 σοὶ
987 2342 1063 2411 δὲ
1089 2340 1248 2411 τάδε
1276 2344 1447 2428 λέγω
1480 2339 1706 2427 δράσω
1742 2366 1813 2408 τε
1848 2339 2042 2428 πρός*

479 2450 543 2512 εἰ
565 2438 818 2531 τούμὸν
845 2450 1042 2531 ἔχθος
1072 2450 1431 2532 ἐναριθμεῖ
1452 2441 1657 2530 κῆδός
1691 2438 1749 2510 τ’
1784 2442 1965 2530 ἐμόν,

478 2544 566 2635 μὴ
601 2542 762 2636 τῷδ’
798 2542 1084 2633 ἀμύνειν
1114 2545 1331 2633 φόνον
1360 2550 1666 2614 ἐναντίον
1693 2555 1881 2625 θεοῖς
1900 2566 1912 2579 ·

479 2655 584 2735 [ἔα
615 2648 676 2714 δ’
712 2646 828 2714 ὑπ’
863 2647 1084 2713 ἀστῶν
1114 2653 1712 2730 καταφονευθῆναι
1742 2648 2058 2731 πέτροιςρ
2154 2663 2254 2711 {325

477 2742 522 2835 ἢ
553 2745 643 2836 μὴ
669 2744 965 2833 ’πίβαινε
991 2744 1482 2836 Σπαρτιάτιδος
1515 2743 1781 2833 χθονός.

481 2846 749 2919 τοσαῦτ’
783 2846 1074 2931 ἀκούσας
1109 2859 1287 2937 ἴσθι,
1317 2848 1488 2937 μηδὲ
1523 2854 1869 2933 δυσσεβεῖς

479 2954 594 3042 ἕλῃ
624 2951 936 3041 παρώσας
969 2948 1480 3041 εὐσεβεστέρους
1516 2958 1787 3039 φίλους·

477 3050 744 3143 ῆμᾶςιδ’
784 3051 900 3123 ἀπ’
935 3065 1143 3123 οἴκων
1177 3050 1372 3141 ἄγετε
1407 3059 1657 3139 τῶνδε,
1692 3052 2078 3142 πρόσπολεῑυ,

253 3164 383 3227 ΟΡ.
470 3154 701 3244 στεῖχ’,
739 3153 826 3238 ὥς
862 3153 1222 3247 ἀθορύβως
1256 3154 1518 3227 οὑπιών
1550 3153 1713 3244 ἡμῖν
1744 3152 1937 3241 λόγος
2158 3171 2258 3223 [53⁴1]

480 3258 647 3348 πρὸς
676 3256 860 3328 τόνδ’
897 3264 1147 3347 ἵκηται,
1180 3266 1388 3347 γῆρας
1416 3252 1794 3346 ἀποφυγών
1821 3253 1895 3323 τὸ
1930 3255 2066 3321 σόν.

481 3362 827 3447 Μενέλαε,
866 3377 988 3429 ποῖ
1014 3359 1136 3431 σὸν
1171 3358 1329 3431 πόδ’
1366 3363 1473 3429 ἐπὶ
1509 3364 1793 3447 συννοίᾳ
1822 3364 2106 3439 κυκλεῖς,

481 3467 721 3549 διπλῆς
752 3470 1075 3550 μερίμνης
1104 3462 1465 3550 διπτύχους
1500 3459 1623 3529 ι’ὠν
1659 3456 1897 3541 ὁδούς;
