2534 3917
299 205 425 269 330

297 588 442 650 ΑΘ.

298 894 423 956 ΔΙ.

300 996 444 1058 ΑΘ.

302 1199 426 1261 ΔΙ.

301 1302 446 1363 ΑΘ.

305 2119 455 2181 ΠΛ.

305 2526 450 2587 ΑΘ.

309 3241 456 3303 ΠΛ.

2163 0 2318 100 ...3

1189 200 1474 259 ΡΗΣΟΣ

527 382 784 465 τρίβων
809 370 940 461 γὰρ
972 370 1034 440 εἷ
1057 368 1138 439 τὰ
1164 369 1392 456 κομψὰ
1421 372 1535 440 καὶ
1552 383 1748 440 νοεῖν
1774 369 2005 457 σοφός.
2227 390 2329 443 625

528 477 654 567 χρὴ
685 472 752 545 δ’
785 472 1002 564 ἄνδρα
1031 472 1300 542 τάσσειν
1327 463 1413 541 οῦ
1442 469 1708 562 μάλιστ’
1744 467 1829 541 ἂν
1856 469 2133 560 ῶφελοϊ.

522 581 636 649 καὶ
665 576 800 667 μὴν
824 573 990 646 καθ’
1022 572 1193 663 ἡμᾶς
1219 572 1410 645 τόνδ’
1451 572 1891 664 Ἀλέξανδρον
1918 578 2145 662 βλέπω

529 689 907 769 στείχοντα,
940 678 1265 767 φυλάκων
1301 684 1375 747 ἔκ
1401 705 1581 759 τινος
1610 679 2037 763 πεπυσμένον

532 783 728 867 δόξας
759 780 1055 870 ἀσήμους
1081 787 1420 867 πολεμίων
1448 778 1958 868 μεμβλωκότων.

529 886 777 975 πότερα
805 882 938 953 σὺν
971 880 1194 963 ἄλλοις
1219 878 1263 970 ἦ
1290 882 1491 972 μόνος
1518 882 1908 973 πορεύεται;
2218 899 2327 954 630

525 987 761 1075 μόνος·
792 984 959 1075 πρὸς
987 981 1190 1066 εὐνὰς
1218 980 1313 1073 δ’,
1350 980 1440 1066 ῶς
1469 991 1723 1072 ἔοικεν,
1749 980 2062 1073 Ἕκτορος

530 1104 770 1181 χωρεῖ,
799 1075 1125 1168 κατόπτας
1152 1092 1473 1175 σημανῶν
1499 1083 1693 1174 ἥκειν
1719 1092 2025 1175 στρατοῦ.

534 1189 791 1262 οῦκουν
828 1187 1156 1281 ὑπάρχειν
1188 1188 1389 1259 τόνδε
1416 1188 1841 1259 κατθανόντα
1867 1186 2029 1276 χρή;

531 1291 656 1364 οῦκ
684 1290 769 1365 ἂν
800 1294 1040 1363 δύναιο
1066 1299 1190 1362 τοῦ
1219 1292 1665 1382 πεπρωμένου
1692 1292 1915 1359 πλέον.

536 1404 777 1468 τοῦτον
805 1396 882 1465 δὲ
913 1393 1079 1483 πρὸς
1106 1401 1225 1481 σῆς
1259 1396 1346 1463 ού
1371 1396 1564 1480 θέμις
1592 1393 1811 1479 χειρὸς
1832 1401 2095 1461 θανεῖν.
2218 1410 2321 1463 635

533 1494 681 1565 ἀλλ’
715 1488 896 1589 ᾇπερ
925 1493 1110 1584 ἥκεις
1136 1504 1505 1586 μορσίμους
1534 1498 1764 1584 φέρων
1789 1493 2072 1582 σφαγάς,

534 1596 768 1685 τάχυν’
785 1620 801 1636 ’
835 1596 963 1685 ἐγώ
995 1598 1070 1667 δὲ
1097 1602 1269 1689 τῶδε
1298 1598 1637 1686 σύμμαχος
1664 1596 1931 1688 Κύπρις

540 1698 817 1771 δοκοῦσ’
859 1698 1121 1791 ἀρωγὸς
1155 1702 1229 1769 ἐν
1257 1699 1492 1781 πόνοις
1518 1713 1982 1788 παραστατεῖν,

534 1814 819 1895 σαθροῖς
837 1804 1133 1892 λόγοισιν
1161 1802 1411 1891 ἐχθρὸν
1441 1798 1639 1891 ἄνδρ’
1674 1798 2056 1889 ἀμείψομαι.

535 1908 649 1977 καὶ
675 1904 864 1976 ταῦτ’
901 1905 1030 1995 ἐγώ
1061 1906 1185 1993 μὲν
1215 1904 1436 1975 εἶπον·
1467 1900 1548 1973 ὃν
1576 1904 1653 1973 δὲ
1678 1902 1803 1993 χρὴ
1834 1914 2105 1990 παθεῖν,
2216 1921 2325 1975 640

536 2005 662 2079 οὐκ
697 2007 882 2079 οἶδεν
909 2006 1062 2079 οὐδ’
1100 2006 1395 2097 ἤκουσεν
1424 2004 1625 2094 ἐγγὺς
1654 2002 1750 2075 ῶν
1778 2005 2006 2093 λόγου.

537 2112 611 2181 σε
640 2110 760 2181 τὸν
787 2109 1161 2203 στρατηγὸν
1187 2112 1303 2180 καὶ
1335 2116 1740 2198 κασίγνητον
1765 2110 1958 2196 λέγω,

526 2210 799 2303 Ἕκτορ,
829 2213 1228 2295 καθεύδεις;
1262 2209 1389 2281 οὐκ
1419 2215 1809 2301 ἐγείρεσθαί
1830 2206 1896 2279 σ’
1930 2212 2166 2300 ἐχρῆν;

540 2317 808 2403 ἐχθρῶν
832 2343 932 2394 τις
959 2312 1119 2402 ἡμῖν
1144 2320 1535 2403 χρίμπτεται
1561 2312 2021 2404 στρατεύματι,

534 2412 578 2503 ἦ
603 2423 863 2498 κλῶπες
892 2413 1134 2503 ἄνδρες
1162 2410 1204 2503 ἢ
1231 2416 1643 2486 κατάσκοποί
1669 2442 1867 2495 τινες.
2216 2432 2324 2487 645

536 2516 780 2607 θάρσει
798 2539 812 2554 ·
847 2518 1176 2606 φυλάσσει
1205 2514 1271 2587 σ’
1308 2514 1431 2606 ἥδε
1460 2517 1843 2609 πρευμενὴς
1867 2515 2154 2607 Κύπρις.

534 2622 719 2709 με’λει
754 2617 819 2689 δ’
851 2617 887 2691 ὁ
919 2620 1034 2704 σός
1063 2650 1178 2711 μοι
1206 2621 1521 2709 πόλεμος,
1554 2616 1706 2690 οὐδ’
1747 2617 2109 2708 ἀμνημονῶ

535 2730 760 2813 τιμῆς,
791 2728 1042 2795 ἐπαινῶ
1073 2722 1139 2793 δ’
1181 2716 1260 2793 εῦ
1290 2731 1609 2793 παθοῦσα
1638 2722 1806 2813 πρὸς
1835 2725 2060 2791 σέθεν.

533 2829 647 2896 καὶ
676 2834 808 2897 νῦν
834 2826 941 2897 ἐπ’
977 2824 1373 2914 εὐτυχοῦντι
1408 2832 1685 2918 Τρωικῷ
1713 2829 1972 2915 στρατῷ

540 2926 685 3015 ἥκω
726 2926 1093 3018 πορεύουσ’
1133 2926 1352 3017 ἄνδρα
1378 2948 1486 2996 σοι
1514 2930 1727 3015 μέγαν
1756 2932 1981 3015 φίλον,
2216 2940 2319 2995 650

536 3036 653 3115 τῆς
680 3025 1057 3116 ὑμνοποιοῦ
1085 3034 1295 3098 παῖδα
1324 3027 1621 3120 Θρῄκιον
1648 3037 1815 3110 θεᾶς

536 3129 823 3218 Μούσης
839 3182 858 3217 ,
889 3128 1136 3222 πατρὸς
1164 3130 1240 3199 δὲ
1267 3130 1661 3222 Στρυμόνος
1687 3128 2130 3219 κικλήσκεται.

540 3229 654 3301 ἀεί
675 3228 822 3303 ποτ’
860 3223 940 3302 εὖ
972 3238 1322 3323 φρονοῦσα
1351 3234 1701 3321 τυγχάνεις
1730 3233 1922 3306 πόλει

536 3332 770 3423 κάμοί,
802 3337 1117 3424 μέγιστον
1146 3333 1212 3406 δ’
1247 3338 1321 3407 ἐν
1346 3344 1475 3430 βίῳ
1503 3336 1849 3424 κειμήλιον

536 3444 772 3526 κρίνας
803 3440 883 3507 σέ
904 3467 1075 3529 φημι
1104 3444 1263 3529 τῇδε
1296 3440 1721 3528 προσθέσθαι
1748 3437 1959 3507 πόλει.
2214 3450 2315 3505 655

539 3534 682 3625 ἥκω
710 3534 776 3607 δ’
809 3535 1100 3620 ἀκούσας
1133 3536 1215 3608 οὐ
1241 3546 1485 3627 τορῶς,
1520 3538 1706 3624 φήμη
1736 3541 1817 3605 δέ
1847 3565 1947 3615 τις
