2534 3917
376 117 498 180 446

1142 117 1602 176 ΦΟΙΝΙΣΣΑΙ

610 283 781 355 ῶθεῑ
808 290 1121 374 σίδηρον,
1151 287 1226 353 ἐν
1254 284 1332 353 δὲ
1361 300 1529 354 τοῖσι
1559 285 1898 372 φιλτάτοις

608 395 917 458 θανοῦσα
944 400 1155 455 κεῖται
1182 383 1619 474 περιβαλοῦσ’
1653 383 1905 474 ἀμφοῖν
1935 391 2158 479 χέρας.

610 487 811 580 άνῇξε
840 486 911 557 δ’
945 484 1154 574 ὀρθὸς
1180 486 1339 568 λαὸς
1368 495 1462 568 εἰς
1496 496 1640 579 ἔριν
1669 488 1911 576 λόγων,
1968 519 1974 524 ·
2269 513 2402 566 1460

607 589 791 680 ἡμεῖς
815 591 940 678 μὲν
973 586 1063 670 ῶς
1088 596 1380 659 νικῶντα
1409 588 1739 678 δεσπότην
1767 591 1949 679 ἐμόν,

610 703 678 763 οἳ
709 691 777 762 δ’
812 687 902 774 ῶς
929 696 1208 762 ἐκεῖνον.
1238 681 1327 780 ἦν
1355 688 1421 760 δ’
1455 699 1593 779 ἔρις
1619 694 2118 781 στρατηλάταις,

608 801 679 862 οἳ
704 796 827 882 μὲν
856 795 1133 876 πατάξαι
1159 793 1419 883 πρόσθε
1444 799 1873 882 Πολυνείκην
1909 801 2083 884 δορί,

609 903 680 963 οἳ
709 894 776 965 δ’
813 893 901 976 ὥς
928 895 1289 964 θανόντων
1321 891 1625 982 οὐδαμοῦ
1657 903 1815 984 νίκη
1843 899 2054 964 πέλοι.

608 994 757 1080 [κάν
783 995 945 1091 τῶδ’
976 993 1309 1084 ὑπεξῆλθ’
1337 993 1682 1086 ’Λντιγόνη
1709 1003 1997 1085 στρατοῦ
2028 1003 2230 1086 δίχα.]
2265 1017 2394 1071 1465

604 1105 675 1170 οἳ
697 1097 762 1168 δ’
798 1107 892 1180 εἰς
918 1094 1071 1170 ὅπλ’
1104 1089 1344 1188 ᾖσσον·
1376 1089 1455 1168 εὖ
1483 1101 1563 1167 δέ
1586 1123 1726 1178 πως
1752 1107 2102 1191 προμηθίᾳ

610 1209 909 1290 καθῆστο
939 1201 1221 1289 Κάδμου
1252 1199 1411 1282 λαὸς
1443 1197 1747 1269 ἀσπίδων
1776 1207 1884 1268 ἔπι
1904 1223 1919 1236 ·

610 1301 972 1392 κᾶφθημεν
999 1299 1190 1373 οὔπω
1217 1301 1525 1390 τεύχεσιν
1553 1305 2028 1390 πεφραγμένον

600 1402 903 1494 Ἀργεῖον
934 1405 1351 1485 εἰσπεσόντες
1377 1407 1692 1491 ἐξαίφνης
1718 1403 2022 1492 στρατόν.

610 1502 879 1586 κούδεὶς
908 1503 1195 1592 ὑπέστη,
1226 1512 1427 1575 πεδία
1454 1502 1522 1574 δ’
1558 1509 2048 1593 ἐξεπίμπλασαν
2171 1503 2177 1506 ’
2266 1521 2395 1576 1470

610 1606 1009 1695 φεύγοντες,
1038 1615 1219 1698 ἔρρει
1247 1604 1316 1676 δ’
1350 1602 1511 1694 αἷμα
1535 1613 1799 1696 μυρίων
1821 1610 2087 1687 νεκρῶν

613 1708 881 1798 λόγχαις
907 1708 1302 1780 πιτνόντων.
1335 1706 1422 1791 ῶς
1452 1706 1518 1778 δ’
1555 1712 1882 1796 ἐνικῶμεν
1909 1707 2107 1798 μάχῃ,

608 1823 678 1884 οἳ
700 1813 822 1901 μὲν
850 1810 1017 1892 Διὸς
1049 1806 1372 1901 τρόπαιον
1401 1817 1678 1880 ἵστασαν
1704 1813 1967 1899 βρέτας,
2163 1815 2170 1822 ’

609 1921 683 1984 02·
699 1911 765 1984 δ’
800 1911 1085 1995 ἀσπίδας
1112 1920 1451 1992 συλῶντες
1471 1909 1793 2002 Ἀργείων
1819 1917 2084 2000 νεκρῶν

612 2013 1015 2104 σκυλεύματ’
1048 2025 1205 2086 εἴσω
1232 2018 1505 2103 τειχέων
1532 2016 1930 2102 ἐπέμπομεν.
2258 2031 2391 2086 1475

610 2116 799 2206 ἄλλοι
829 2118 905 2188 δὲ
930 2117 1085 2200 τούς
1110 2117 1448 2198 θανόντας
1480 2114 1861 2205 ’Λντιγόνης
1887 2117 2048 2203 μέτα

608 2217 893 2310 νεκροὺς
920 2222 1248 2309 φέρουσιν
1277 2215 1516 2290 ἐνθάδ’
1551 2225 1834 2288 οἰκτίσαι
1862 2225 2104 2305 φίλοις.

612 2321 800 2390 πόλει
834 2318 899 2390 δ’
939 2318 1193 2407 ἀγῶνες
1216 2329 1290 2390 οἳ
1315 2321 1440 2407 μὲν
1472 2317 1933 2407 εὐτυχέστατοι

609 2419 756 2510 τῇδ’
790 2423 1140 2508 ἐξέβησαν,
1170 2421 1344 2511 οῖ’-δὲ
1372 2425 1906 2510 δυστυχέστατοι.

388 2531 520 2591 XO.
604 2521 727 2592 οὐκ
757 2529 849 2603 εἰς
876 2519 1079 2603 ἀκοάς
1108 2529 1205 2592 ἔτι
1240 2529 1567 2611 δυστυχία
1777 2573 1786 2580 -
2255 2537 2386 2591 1480

614 2623 913 2712 δώματος
940 2621 1120 2714 ἥκει·
1153 2625 1332 2717 πάρα
1362 2623 1489 2713 γὰρ
1520 2623 1830 2694 λεύσσειν

610 2727 924 2816 πτώματα
949 2733 1213 2816 νεκρῶν
1238 2735 1529 2818 τρισσῶν
1555 2723 1686 2814 ἤδη

609 2830 767 2900 τάδε
792 2828 959 2918 πρὸς
989 2829 1357 2919 μελάθροις
1388 2836 1593 2921 κοινῷ
1621 2827 1896 2920 θανάτῳ

613 2939 888 3001 σκοτίαν
922 2937 1136 3001 αἰῶνα
1168 2931 1530 3019 λαχόντων.

386 3039 531 3099 ΑΝ.
620 3029 703 3100 οὐ
730 3034 1330 3119 προκαλυπτομένα
1363 3032 1821 3121 βοτρυχώδεος
1990 3050 2131 3114 στρ.
2166 3027 2225 3095 α’
2259 3043 2378 3097 1485

612 3129 785 3223 ἁβρὰ
812 3138 1138 3221 παρηίδος
1168 3130 1320 3202 οὐδ’
1354 3130 1487 3201 ὑπὸ
2469 2443 2484 3246 Ξ

613 3241 983 3319 παρθενίας
1006 3238 1127 3302 τὸν
1156 3231 1290 3301 ὑπὸ
1313 3232 1678 3321 βλεφάροις
1711 3239 1720 3246 '
2481 3253 2483 3262 ⁴

609 3347 639 3382 *
672 3333 931 3421 φοίνικ’
963 3335 1273 3426 ἐρύθημα
1301 3333 1687 3423 προσώπου,

932 3455 1067 3509 1485
1082 3453 1314 3508 —1497
1335 3473 1419 3500 Ξ
1445 3453 1674 3508 1570-
1692 3454 1820 3508 1581
