2534 3917
1079 193 1361 252 ΡΗΣΟΣ
2102 193 2230 258 319

210 372 408 437 ΛΓΓ.
441 370 681 451 ἔγνως·
715 364 922 453 λόγου
951 363 1028 433 δὲ
1056 366 1160 445 δὶς
1188 362 1393 433 τόσου
1418 360 1489 452 μ’
1525 364 1909 455 ἐκούφισας.

211 476 354 538 ΕΚ.
437 468 552 535 καὶ
578 473 720 548 πῶς
746 464 912 555 πρὸς
925 462 1107 554 Ἴδης
1133 461 1427 555 ὀργάδας
1453 467 1829 557 πορεύεται,

443 570 810 656 πλαγχθεὶς
843 574 1155 648 πλατείας
1182 566 1498 649 πεδιάδος
1524 567 1602 638 θ’
1636 565 1991 659 ἁμαξιτοῦ;

218 676 407 741 ΑΓΓ.
439 665 566 738 οὐκ
596 665 726 740 οἷδ’
761 666 1087 759 ἀκριβῶς,
1125 669 1384 739 εἰκάσαι
1412 697 1490 758 γε
1515 670 1650 759 μὴν
1676 671 1873 762 πάρα.

444 770 692 852 νυκτὸς
721 770 851 862 γὰρ
880 767 1029 841 οὔτι
1059 777 1329 860 φαῦλον
1356 774 1671 861 ἐμβαλεῖν
1696 774 2001 863 στρατόν,
2118 788 2225 847 285

446 871 736 943 κλύοντα
770 871 989 964 πλήρη
1019 878 1218 943 πεδία
1247 881 1567 963 πολεμίας
1592 875 1803 965 χερός.

446 973 666 1064 φόβον
693 972 761 1044 δ’
797 971 1202 1065 ἀγρώσταις,
1231 984 1305 1047 οἳ
1326 973 1475 1045 κατ’
1508 974 1747 1047 Ἰδαῑον
1774 979 1976 1061 λέπας

445 1082 763 1166 οἰκοῦμεν
788 1072 1184 1166 αὐτόρριζον
1211 1080 1440 1147 ἑστίαν
1464 1078 1734 1167 χθονός,

448 1182 733 1267 παρέσχε
762 1176 1026 1268 δρυμὸν
1058 1178 1304 1260 νυκτὸς
1332 1185 1629 1270 ἔνθηρον
1660 1180 1905 1268 μολών.

445 1288 656 1370 πολλῇ
683 1279 812 1371 γὰρ
840 1276 967 1369 ἠχῇ
999 1279 1287 1370 Θρῄκιος
1312 1283 1487 1370 ῥέων
1514 1281 1790 1371 στρατὸς
2122 1298 2226 1355 290

446 1389 726 1470 ἔστειχε·
757 1381 1009 1471 θάμβει
1034 1379 1101 1452 δ’
1135 1385 1572 1471 ἐκπλαγέντες
1600 1389 1786 1471 ἵεμεν

445 1492 730 1572 ποίμνας
756 1481 922 1573 πρὸς
949 1481 1188 1574 ἄκρας,
1216 1492 1313 1572 μή
1336 1512 1434 1565 τις
1465 1482 1786 1575 Ἀργείων
1811 1485 1983 1577 μόλῃ

444 1585 870 1675 λεηλατήσων
895 1588 1010 1656 καὶ
1035 1585 1120 1656 σὰ
1147 1587 1516 1676 πορθήσων
1542 1588 1829 1677 σταθμά,

446 1690 610 1779 πρὶν
633 1686 718 1778 δὴ
749 1685 842 1758 δι’
883 1684 1075 1758 ὤτων
1101 1695 1323 1780 γῆρυν
1349 1686 1473 1777 οὐχ
1491 1686 1884 1778 Ἑλληνικὴν

446 1790 855 1880 ἐδεξάμεσθα
882 1792 996 1861 καὶ
1020 1792 1425 1879 μετέστημεν
1454 1791 1695 1880 φόβου.
2118 1807 2221 1863 295

445 1900 725 1981 στείχων
753 1889 818 1963 δ’
854 1890 1138 1975 ἄνακτος
1164 1891 1741 1983 προυξερευνητὰς
1766 1890 1936 1964 ὁδοῦ

447 1991 851 2086 ἀνιστόρησα
879 2002 1198 2085 Θρῃκίοις
1225 1998 1810 2086 προσφθέγμασιν,

444 2102 546 2177 τίς
573 2094 612 2167 ὁ
641 2094 1008 2189 στρατηγὸς
1031 2098 1146 2167 καὶ
1172 2102 1354 2177 τίνος
1380 2099 1781 2185 κεκλημένος

441 2204 684 2287 στείχει
709 2197 875 2289 πρὸς
900 2195 1068 2269 ἄστυ
1091 2203 1535 2287 Πριαμίδαισι
1562 2197 1915 2288 σύμμαχος.

441 2302 554 2370 καὶ
583 2296 781 2371 πάντ’
819 2297 1112 2382 ἀκούσας
1145 2292 1242 2371 οἷν
1278 2301 1560 2390 ἐφιέμην
1587 2312 1858 2391 μαθεῖν,
2118 2316 2223 2371 300
2344 2334 2349 2339 ·

443 2409 641 2491 ἔστην
659 2425 673 2439 ·
711 2399 848 2493 ὁρώ
878 2402 953 2473 δὲ
973 2398 1204 2492 Ῥῆσον
1232 2400 1403 2473 ὥστε
1432 2408 1718 2491 δαίμονα

446 2501 675 2575 ἑστῶτ’
713 2508 788 2575 ἐν
817 2510 1142 2583 ἰππείοισι
1176 2511 1495 2595 Θρῃκίοις
1522 2500 1718 2593 ὄχοις.

442 2614 657 2697 χρυσῆ
685 2606 760 2677 δὲ
790 2606 1106 2694 πλάστιγξ
1139 2604 1390 2694 αὐχένα
1416 2606 1803 2695 ζυγηφόρον

445 2706 693 2778 πώλων
718 2714 915 2799 ἔκλῃε
941 2708 1160 2796 χιόνος
1189 2709 1700 2798 ἐξαυγεστέρων.

447 2812 690 2899 πέλτης
717 2812 782 2881 δ’
817 2813 927 2883 ἐπ’
959 2813 1162 2901 ὤμων
1191 2816 1730 2900 χρυσοκόλλητος
1756 2813 1966 2889 τύπος
2119 2824 2221 2878 305

447 2918 695 3000 ἔλαμπε
712 2932 728 2948 ·
757 2909 1042 3002 Γοργὼν
1069 2907 1135 2981 δ’
1173 2907 1262 2992 ὥς
1290 2906 1409 2981 ἀπ’
1445 2914 1703 2998 αἰγίδος
1728 2914 1894 2989 θεᾶς

444 3020 655 3102 χαλκῆ
679 3012 1008 3103 μετώποις
1037 3018 1365 3083 ἱππικοῖσι
1392 3012 1754 3101 πρόσδετος

448 3124 753 3187 πολλοῖσι
778 3114 911 3187 σὺν
939 3113 1249 3185 κώδωσιν
1294 3115 1566 3186 ἐκτύπει
1615 3112 1853 3203 φόβον.
1912 3125 1920 3131 ’

446 3224 732 3307 στρατοῦ
761 3216 837 3288 δὲ
863 3224 1121 3305 πλῆθος
1147 3212 1307 3288 οὐδ’
1335 3211 1420 3287 ἂν
1447 3219 1523 3287 ἐν
1545 3215 1783 3306 ψήφου
1811 3212 1990 3307 λόγῳ

450 3320 704 3389 θέσθαι
735 3315 961 3390 δύναι’
1001 3315 1117 3406 ἅν,
1155 3315 1245 3399 ὥς
1273 3314 1569 3387 ἄπλατον
1596 3310 1684 3407 ἦν
1712 3323 1906 3403 ἰδεῖν,
2124 3330 2225 3385 310

451 3423 686 3492 πολλοὶ
711 3422 837 3510 μὲν
875 3427 1112 3510 ἱππῆς,
1149 3417 1363 3491 πολλὰ
1390 3426 1775 3491 πελταστῶν
1800 3420 1976 3506 τέλη,

452 3525 690 3594 πολλοὶ
717 3518 783 3593 δ’
817 3520 1162 3613 ἀτράκτων
1187 3521 1479 3607 τοξόται,
1515 3519 1724 3603 πολὺς
1752 3517 1815 3589 δ’
1847 3517 2037 3609 ὄχλος
