2534 3917
1083 207 1251 266 ΙΩΝ
2054 204 2178 268 133

388 385 525 448 τῶν
560 376 625 446 δ’
660 369 751 446 αὖ
786 383 1037 464 λογίων
1064 404 1137 447 τε
1170 379 1537 467 χρωμένων
1569 403 1641 445 τε
1673 383 1755 466 τῇ
1789 375 1983 446 πόλει

392 485 485 562 εἰς
515 476 772 568 ἀξίωμα
807 477 932 567 βὰς
965 482 1171 549 πλέον
1206 477 1678 568 φρουρήσομαι

388 583 741 671 ψήφοισιν.
775 577 955 651 οὕτω
987 579 1116 670 γὰρ
1147 579 1325 668 τάδ’,
1360 572 1415 649 ῶ
1451 578 1692 671 πάτερ,
1727 589 1942 669 φιλεῖ·

386 688 460 753 οἰ
484 683 599 765 τὰς
635 684 865 764 πόλεις
892 690 1155 772 ἔχοντες
1181 681 1548 772 ἀξιώματος
2075 699 2176 754 605

387 803 525 868 τοῖς
559 785 1004 874 ἀνθαμίλλοις
1036 788 1166 856 εἰσὶ
1193 784 1696 874 πολεμιώτατοι.

386 887 614 959 ἐλθων
640 885 705 958 δ’
739 892 806 970 ἐς
832 886 1021 958 οἶκον
1053 885 1408 978 ἀλλότριον
1439 895 1688 977 ἔπηλυς
1723 915 1821 957 ων

387 991 680 1080 γυναῖκά
706 986 782 1060 θ’
824 1019 913 1071 ως
948 987 1267 1078 ἄτεκνον,
1303 986 1350 1078 ἢ
1383 994 1789 1079 κοινουμένη

390 1092 507 1175 τὰς
535 1093 889 1183 συμφοράς
920 1115 1026 1164 σοι
1060 1093 1398 1183 πρόσθεν,
1429 1091 1856 1180 ἀπολαχοῦσα
1881 1098 2014 1162 νῦν

392 1195 562 1286 αντη
594 1193 759 1266 καθ’
793 1193 1011 1284 αὐτὴν
1040 1193 1165 1282 τὴν
1189 1195 1403 1283 τύχην
1429 1205 1598 1265 οἴσει
1632 1203 1908 1285 πικρῶς,
2076 1212 2176 1265 610

386 1306 528 1382 πῶς
558 1296 625 1368 δ’
662 1295 786 1385 οὐχ
816 1295 937 1367 ’ὑπ’
973 1294 1184 1384 αὐτῆς
1217 1297 1490 1379 εἰκότως
1519 1297 1898 1385 μισήσομαι,

393 1397 558 1472 ὅταν
590 1407 906 1490 παραστῶ
942 1402 1048 1470 σοὶ
1073 1402 1198 1488 μὲν
1228 1398 1527 1489 ἐγγύθεν
1553 1399 1780 1487 ποδός,

388 1500 431 1591 ἢ
464 1501 530 1574 δ’
572 1495 723 1573 οὖσ’
766 1499 1042 1582 ἄτεκνος
1073 1501 1152 1572 τὰ
1182 1501 1267 1572 σὰ
1301 1501 1449 1592 φίλ’
1484 1509 1715 1594 εἰσορᾷ
1747 1509 2038 1594 πικρῶς;
2077 1523 2174 1573 613

390 1603 607 1687 ἄλλως
634 1634 706 1676 τε
732 1603 858 1694 τὴν
890 1604 1019 1693 σὴν
1048 1602 1292 1693 ἄλοχον
1327 1612 1669 1696 οἰκτείρω,
1707 1605 1937 1696 πάτερ,
2071 1624 2170 1673 618

390 1705 640 1779 ἄπαιδα
675 1707 1180 1798 γηράσκουσαν·
1218 1705 1303 1777 οὐ
1337 1705 1464 1798 γὰρ
1493 1706 1644 1790 ἀξία

393 1817 735 1901 [πατέρων
764 1812 881 1881 ἀπ’
917 1816 1192 1880 ἐσθλῶν
1222 1803 1373 1879 οὗσ’
1405 1812 1732 1879 ἀπαιδίαν
1760 1816 2041 1898 νοσεῖν]
2074 1824 2176 1878 620

395 1917 797 2001 τυραννίδος
823 1910 899 1980 δὲ
932 1917 1049 1998 τῆς
1074 1910 1290 1998 μάτην
1315 1913 1720 1999 αἰνουμένης

397 2011 471 2082 τὸ
500 2014 625 2102 μὲν
658 2014 1022 2106 πρόσωπον
1047 2010 1214 2102 ἡδύ,
1251 2010 1376 2083 τάν
1405 2013 1666 2102 δόμοισι
1692 2014 1769 2082 δὲ

390 2116 690 2206 λυπηρά·
726 2125 827 2197 τίς
855 2113 982 2206 γὰρ
1013 2115 1368 2207 μακάριος,
1397 2122 1497 2198 τίς
1533 2111 1835 2204 εὐτυχής,

392 2214 569 2302 ὅστις
604 2217 926 2300 δεδοικῶς
957 2222 1070 2289 καὶ
1104 2221 1558 2309 παραβλέπων
1588 2226 1746 2306 βίον

393 2327 605 2391 αἰῶνα
635 2330 840 2392 τείνει
857 2352 875 2405 3
912 2321 1201 2410 δημότης
1227 2318 1315 2392 ἀν
1348 2318 1632 2411 εὐτυχὴς
2075 2337 2175 2392 62⁵

391 2430 507 2510 ζῆν
537 2420 625 2493 ἀν
656 2429 925 2512 θέλοιμι
958 2431 1213 2511 μᾶλλον
1242 2419 1288 2512 ἦ
1321 2424 1654 2516 τύραννος
1682 2422 1798 2512 ῶν,

399 2518 454 2616 ᾦ
481 2524 639 2605 τοὺς
666 2523 1008 2614 πονηρους
1038 2521 1249 2613 ἡδονὴ
1282 2535 1526 2613 φίλους
1555 2535 1750 2615 ἔχειν,

392 2625 680 2708 ἐσθλοὺς
712 2625 789 2696 δὲ
822 2641 1007 2714 μισεῖ
1027 2636 1398 2696 κατθανεῖν
1425 2629 1868 2717 φοβούμενος.

398 2739 608 2813 εἴποις
637 2726 723 2800 ἀν
756 2725 847 2810 ῶς
875 2724 909 2798 ὃ
936 2727 1187 2819 χρυσὸς
1220 2732 1454 2820 ἐκνικᾷ
1483 2729 1662 2816 τάδε,

395 2842 712 2904 πλουτεῖν
742 2859 814 2903 τε
839 2829 1168 2922 τερπνόν·
1203 2827 1288 2901 οὐ
1324 2838 1503 2921 φιλῶ
1532 2831 1792 2922 ψόγους
1824 2831 2178 2904 κλύειν630

394 2938 469 3004 ἐν
492 2937 681 3025 χερσὶ
708 2934 937 3019 σώζων
963 2931 1169 3022 ὄλβον
1204 2931 1358 3004 οὐδ’
1391 2941 1568 3023 ἔχειν
1595 2935 1878 3017 πόνους·

400 3046 503 3126 εἴη
532 3035 597 3107 δ’
638 3045 860 3126 ἔμοιγε
890 3041 1124 3127 μέτρια
1152 3036 1243 3126 μὴ
1279 3041 1703 3134 λυπουμένῳ.

160 3213 391 3224 ——·.---—

370 3297 503 3404 κᾷτ’
534 3299 575 3375 ἢ
602 3303 857 3378 προδους
894 3304 968 3362 συ’
1000 3304 1065 3378 μ’
1096 3303 1153 3371 ἐς
1183 3305 1444 3379 δάμαρτα
1481 3305 1589 3378 σὴν
1618 3306 1826 3380 βλέπῃς

367 3379 408 3456 ἢ
440 3382 591 3456 τάμὰ
626 3391 807 3458 τιμῶν
845 3392 1007 3460 δῶμα
1043 3389 1278 3460 συγχέας
1311 3389 1470 3462 ἔχῃς;
2071 3393 2176 3446 615

370 3487 507 3532 οσας
546 3468 769 3540 σφαγας
807 3469 879 3542 δὴ
920 3471 1239 3543 φαρμάκων
1267 3473 1612 3540 θανασίμων

368 3559 635 3624 γυναῖκες
664 3575 837 3627 ευρον
874 3552 1154 3629 ἀνδράσιν
1191 3552 1546 3627 διαφθοράς.
