2534 3917
295 656 436 718 XO.

245 929 252 936 ,
294 859 440 920 ΗΛ.

294 962 434 1022 xo.

293 1063 422 1124 HA

294 1267 433 1327 XO.

295 1775 438 1836 XO.

289 1876 442 1937 HA.

227 2129 234 2136 .
288 2081 435 2141 XO.

292 2181 438 2244 HA.

291 2487 432 2548 XO.

1114 170 1496 228 ΟΡΕΣΤΗΣ
2180 169 2299 232 ’253

525 341 768 428 κάταγε
798 340 1077 428 κάταγε,
1108 336 1384 430 πρόσιθ’
1420 336 1738 427 ἀτρέμας,
1770 335 2056 430 ἀτρέμας
2086 350 2225 409 ἴθι·

526 443 730 530 λόγον
759 439 1004 523 ἀπόδος
1033 439 1141 529 ἐφ’
1179 438 1218 510 ὅ
1245 470 1307 510 τι
1336 444 1524 530 χρέος
1554 440 1823 528 ἐμόλετέ
1846 467 2022 510 ποτε.
2200 463 2301 514 150

521 544 758 635 χρόνια
786 543 912 632 γὰρ
942 541 1166 614 πεσών
1193 539 1298 612 ὅδ’
1333 539 1691 626 εὐνάζεται.

518 654 657 728 πῶς
687 653 854 733 ἔχεις
886 646 1092 733 λόγου
1120 646 1434 734 μετάδος,
1472 637 1526 715 ὦ
1556 653 1741 732 φίλα,
1986 642 2126 716 ἀντ.

525 755 695 832 [τίνα
723 748 930 836 τύχαν
962 758 1127 818 εἴπω
1145 756 1184 832 3]
1214 756 1365 818 τίνα
1396 748 1471 817 δὲ
1498 747 1893 837 συμφοράν;

523 857 618 920 ἔτι
647 851 772 938 μὲν
801 852 1102 938 ἐμπνέει,
1134 848 1351 941 βραχὺ
1381 847 1447 919 δ’
1484 847 1850 920 ἀναστένει.
2208 869 2300 920 155

519 961 591 1021 τί
613 953 776 1040 φής;
810 944 864 1021 ὦ
889 953 1107 1034 τάλας.
2244 955 2249 962 ’

524 1052 731 1141 ὀλεῖς,
765 1061 828 1123 εἰ
859 1057 1163 1143 βλέφαρα
1192 1055 1484 1144 κινήσεις
1518 1057 1739 1124 ὕπνου

519 1153 946 1232 γλυκυτάταν
979 1157 1331 1242 φερομένῳ
1362 1159 1581 1240 χάριν,

522 1259 754 1346 μέλεος
781 1262 1112 1345 ἐχθίστων
1139 1256 1398 1326 θεόθεν
1426 1257 1790 1347 ἐργμάτων,
2202 1273 2303 1328 160

526 1359 742 1440 τάλας.
772 1367 922 1428 ΗΛ.
958 1365 1092 1448 φεῦ
1121 1359 1419 1446 μόχθων.

525 1458 753 1542 ἄδικος
786 1459 988 1531 ἄδικα
1015 1458 1151 1531 τότ’
1187 1458 1297 1551 ἄρ’
1332 1468 1570 1531 ἔλακεν
1600 1469 1869 1548 ἔλακεν,
1902 1458 2072 1531 ἀπό-

525 1591 740 1650 φονον
769 1560 866 1634 ὅτ’
902 1565 1010 1634 ἐπὶ
1037 1568 1306 1654 τρίποδι
1338 1567 1621 1652 Θέμιδος
1649 1561 1758 1653 ἄρ’
1792 1568 2059 1635 ἐδίκασε

525 1664 742 1753 φόνον
770 1663 806 1735 ὁ
836 1670 1077 1748 Λοξίας
1106 1670 1264 1753 ἐμᾶς
1290 1669 1591 1756 ματέρος.
2206 1681 2300 1735 165

519 1765 712 1856 ὁρᾷς;
744 1771 817 1836 ἐν
848 1770 1156 1837 πέπλοισι
1184 1783 1366 1837 κινεῖ
1388 1771 1607 1856 δέμας.
2023 1788 2162 1855 στρ.

527 1867 612 1937 σὺ
646 1867 773 1957 γάρ
801 1897 947 1955 νιν,
981 1859 1035 1938 ὦ
1063 1871 1363 1958 τάλαινα,

523 1968 824 2052 θωΰξασ’
860 1978 1090 2059 ἔβαλες
1118 1974 1182 2054 ἐξ
1212 1969 1456 2042 ὕπνου.

522 2069 750 2142 εὕδειν
778 2073 903 2160 μὲν
935 2064 1063 2142 οὖν
1093 2077 1306 2156 ἔδοξα.

527 2172 652 2244 οὐκ
683 2171 804 2262 ἀφ’
838 2171 1064 2263 ἡμῶν,
1096 2173 1223 2245 οὐκ
1253 2173 1371 2244 ἀπ’
1405 2186 1615 2246 οἴκων
2202 2192 2301 2244 170

519 2277 721 2346 πάλιν
753 2273 882 2367 ἄρα
908 2280 1248 2366 μεθεμένα
1275 2277 1536 2348 κτύπου

525 2378 700 2447 πόδα
728 2377 852 2448 σὸν
884 2384 1178 2462 εἰλίξειςς

519 2476 882 2548 ὑπνώσσει.
911 2489 1060 2548 ΗΛ.
1091 2484 1305 2568 λέγεις
1335 2473 1433 2551 εὖ.
1516 2546 1525 2553 .

519 2581 791 2666 πότνια,
823 2580 1061 2650 πότνια
1085 2581 1230 2667 νύξ,

518 2679 966 2772 ὑπνοδότειρα
991 2689 1127 2752 τῶν
1155 2684 1559 2754 πολυπόνων
1588 2692 1868 2774 βροτῶν,
2206 2702 2299 2756 175

524 2784 849 2874 ἐρεβόθεν
879 2794 1016 2873 ἴθι,
1047 2784 1209 2874 μόλε
1235 2785 1399 2873 μόλε
1429 2786 1833 2876 κατάπτερος

520 2885 639 2956 τὸν
659 2883 1183 2976 Ἀγαμεμνόνιον
1211 2891 1322 2958 ἐπὶ
1356 2887 1586 2975 δόμον.

526 2985 658 3058 ὑπὸ
687 2989 817 3078 γὰρ
849 2985 1111 3078 άλγέων
1138 2986 1275 3061 ὑπό
1304 3019 1373 3062 τε
1401 2999 1752 3081 συμφορᾶς
2202 3013 2298 3066 180

522 3088 924 3180 διοιχόμεθ’,
956 3094 1299 3181 οἰχόμεθα.
1333 3094 1591 3164 κτύπον
1618 3090 1893 3183 ἠγάγετ’
1916 3117 1930 3130 ·
1962 3089 2113 3182 οὐχὶ
2144 3112 2298 3183 σῖγα

520 3208 676 3281 σῖγα
703 3198 1179 3284 φυλασσομένα

521 3295 841 3382 στόματος
870 3294 1287 3366 ἀνακέλαδον
1316 3301 1447 3368 ἀπὸ
1478 3303 1698 3386 λέχεος
1726 3295 1771 3386 ἦ
1789 3341 1828 3350 -
2201 3313 2297 3364 185

523 3422 733 3484 συχον
761 3393 983 3468 ὕπνου
1011 3399 1207 3488 χάριν
1235 3403 1571 3487 παρέξεις,
1603 3409 1809 3488 φίλα;

914 3516 1110 3572 166-
1128 3519 1226 3572 186
1251 3517 1464 3571 :187
1484 3519 1675 3573 -207
