2534 3917
327 211 410 275 86

328 391 472 450 ΠΥ.

340 702 364 754 Ξ
372 702 446 754 ⁴12.

340 1006 392 1058 f]
408 1006 464 1062 Ρ.

336 1110 448 1166 ij„

340 1518 392 1570 f]
412 1518 468 1570 Ρ-

336 1622 452 1678 ΙΨ.

344 1822 396 1878 f]
408 1822 468 1878 P,

344 1926 468 1982 GP,

344 2030 456 2086 ΙΨ.

344 2642 484 2698 ΗΓ.

764 211 1214 270 ΙΦΙΓΕΝΕΙΑ
1256 211 1325 266 Η
1357 210 1470 266 ΕΝ
1516 207 1879 266 ΤΑΤΡΟΙΣ

556 387 774 460 καλῶς
804 381 1026 461 ἔλεξας
1054 385 1192 447 τῶν
1222 404 1291 444 τε
1317 385 1454 444 σῶν
1490 380 1655 463 ἐμοῦ
1684 371 1767 444 θ’.
1797 372 1992 464 ὅπερ.

560 481 841 571 σήμαινε
869 479 934 549 δ’
971 472 1026 572 ᾧ
1049 476 1175 569 χρὴ
1204 475 1395 547 τάσδ’
1428 476 1776 557 ἐπιστολὰς
1806 481 2044 567 φέρειν

560 583 726 676 πρὸς
748 581 990 675 ’Ἀργος
1020 578 1059 651 ὅ
1088 610 1152 651 τι
1178 608 1249 649 τε
1277 579 1402 668 χρὴ
1431 578 1724 649 κλύοντά
1751 600 1876 648 σου
1905 583 2148 668 λέγειν.

560 683 833 775 ἄγγελλ’
862 683 1171 774 Ὀρέστῃ,
1206 685 1399 752 παιδὶ
1439 679 1966 767 τάγαμέμνονος·

560 787 601 878 ἡ
641 787 710 857 ’ν
738 784 990 856 Αὐλίδι
1018 781 1334 874 σφαγεϊσ’
1367 786 1732 853 ἐπιστέλλει
1757 783 1915 852 τάδε
2248 803 2362 859 770

560 888 714 976 ζῶσ’
757 888 1148 977 Ἰφιγένεια,
1177 903 1317 966 τοῖς
1343 889 1488 955 ἐκεῖ
1510 883 1576 955 δ’
1610 883 1692 955 οὐ
1723 883 1876 969 ζῶσ’
1912 893 2027 956 ἔτι.

560 1000 689 1062 ποῦ
721 989 786 1060 δ’
819 987 957 1060 ἔστ’
994 993 1257 1077 έκείνη;
1288 984 1705 1057 κατθανοῦσ’
1737 983 1886 1075 ἥκει
1917 990 2154 1073 πάλιν;

560 1092 666 1183 ἥδ’
699 1091 786 1184 ἣν
814 1091 975 1184 ὁρᾷς
1001 1091 1121 1161 σύ·
1150 1090 1240 1179 μὴ
1269 1089 1493 1177 λόγοις
1523 1093 1856 1177 ἔκπλησσέ
1876 1118 1977 1178 με.

561 1198 837 1285 κόμισαί
856 1194 926 1284 μ’
962 1197 1028 1275 ἐς
1049 1191 1326 1283 ’Ἀργος,
1359 1184 1415 1260 οἷ
1441 1192 1759 1280 σύναιμε,
1791 1194 1954 1281 πρὶν
1979 1205 2247 1283 θανεῖν,

565 1305 637 1369 ἐκ
668 1299 1018 1389 βαρβάρου
1047 1305 1169 1386 γῆς
1198 1298 1314 1365 καὶ
1341 1295 1750 1383 μετάστησον
1778 1301 1944 1376 θεᾶς
2249 1315 2357 1369 ‘775

564 1411 911 1490 σφαγίων,
943 1398 1056 1486 ἐφ’
1091 1395 1225 1468 οἶσι
1254 1397 1667 1485 ξενοφόνους
1695 1395 1886 1485 τιμὰς
1916 1405 2063 1484 ἔχω.

560 1505 882 1628 Πυλάδη,
913 1510 985 1570 τί
1005 1505 1207 1585 λέξω;
1240 1507 1377 1569 ποῦ
1404 1497 1555 1569 ποτ’
1591 1496 1750 1571 ονθ’
1785 1496 2180 1590 ηὑρήμεθα,
2164 1532 2180 1547 ·

560 1635 603 1701 η
632 1622 772 1686 σοῖς
801 1603 1003 1694 ἀραια
1033 1603 1338 1691 δώμασιν
1370 1603 1753 1692 γενήσομαι,

560 1705 854 1798 Ὀρέσθ’,
887 1704 979 1775 ἵν’
1014 1697 1219 1786 αὐθις
1246 1732 1465 1793 ονομα
1493 1706 1597 1785 δις
1624 1704 1852 1772 κλύων
1878 1706 2121 1795 μάθης.

562 1840 615 1881 ω
646 1819 821 1880 θεοί.
850 1819 972 1881 ΙΦ.
1004 1818 1076 1879 τί
1095 1804 1475 1887 τούςθεοὺς
1502 1805 1856 1888 ἀνακαλεῖς
1871 1811 1946 1876 ἐν
1971 1823 2108 1887 τοῖς
2139 1811 2360 1896 ἐμοῖς;

566 1911 801 1984 οὐδέν·
836 1917 1113 2003 πέραινε
1146 1909 1250 1981 δ’·
1279 1914 1515 2035 ἐξέβην
1545 1908 1670 2000 γὰρ
1703 1907 1962 1979 ἄλλοσε.
2257 1925 2359 1982 781

564 2015 713 2105 τάχ’
769 2045 897 2087 ουν
926 2021 1198 2108 ε’ρωτῶν
1228 2010 1296 2081 σ’
1332 2021 1424 2094 εἰς
1453 2006 1681 2082 ἄπιστ’
1715 2009 2055 2100 άφιξομαι.

565 2116 706 2206 λέγ’
740 2116 973 2188 οὕνεκ’
1008 2124 1265 2205 ἔλαφον
1293 2112 1661 2185 ἀντιδοῦσά
1685 2141 1818 2201 μου
1845 2113 1976 2184 θεὰ

552 2218 862 2310 Αρτεμις
890 2221 1105 2289 ἔσωσέ
1124 2217 1221 2307 μ’,
1253 2213 1340 2304 ἣν
1369 2214 1569 2288 ἔθυσ’
1601 2215 1757 2305 ἐμὸς
1784 2243 2015 2305 πατηρ,

570 2328 794 2392 δοκῶν
821 2327 887 2402 ἐς
916 2318 1086 2409 ἡμᾶς
1114 2319 1234 2403 6ξύ
1266 2320 1620 2409 φάσγανον
1646 2328 1904 2409 βαλεῖν,
2247 2334 2354 2388 785

574 2431 668 2505 εἰς
694 2424 896 2512 τήνδε
924 2421 993 2493 δ’
1028 2420 1221 2516 ᾆίκισ’
1252 2421 1428 2492 αἶαν.
1459 2419 1597 2492 αἵδ’
1641 2425 2000 2509 ἐπιστολαί,

573 2523 721 2599 τάδ’
758 2530 895 2596 ἐστὶ
923 2523 1047 2594 τάν
1077 2530 1409 2596 δέλτοισιν
1436 2529 1957 2615 ἐγγεγραμμένα.

570 2621 624 2699 ὦ
653 2634 911 2721 ῥᾳδίοις
940 2626 1200 2720 ὅρκοισι
1229 2628 1691 2719 περιβαλοῦσά
1717 2656 1820 2716 με,

573 2733 891 2803 κάλλιστα
921 2731 987 2802 δ’
1022 2729 1327 2821 ὀμόσασ’,
1363 2727 1445 2802 οὗ
1475 2731 1695 2800 πολύν
1723 2730 1944 2818 σχήσω
1974 2728 2245 2820 χρόνον,

575 2836 696 2906 τὸν
726 2835 792 2904 δ’
818 2833 1025 2922 ὅρκον
1054 2832 1136 2904 ὂν
1164 2830 1496 2920 κατι-ὁμοσ’
1530 2833 2024 2920 ἐμπεδώσομεν.
2263 2845 2362 2902 790

579 2938 732 3007 ἰδού
753 2989 771 3024 ,
804 2940 989 3025 φέρω
1019 2960 1122 3005 σοι
1147 2939 1384 3005 δέλτον
1412 2931 1799 3024 ἀποδίδωμί
1831 2963 1923 3022 τε,

574 3037 881 3130 Ὀρέστα,
913 3044 1113 3126 τῆσδε
1142 3046 1261 3126 σῆς
1291 3037 1692 3126 κασιγνήτης
1721 3038 1920 3126 πάρα.

472 3202 480 3210 ,
575 3145 848 3229 δέχομαι
868 3164 883 3179 ·
917 3143 1150 3228 παρεὶς
1180 3142 1257 3211 δὲ
1295 3140 1702 3229 γραμμάτων
1731 3140 2118 3228 διαπτυχάς,

580 3244 704 3332 τὴν
731 3241 987 3332 ἡδονὴν
1014 3240 1215 3334 πρῶτ’
1251 3240 1335 3313 οὐ
1364 3244 1586 3331 λόγοις
1616 3243 1994 3333 αἱρήσομαι.

584 3338 639 3415 ὦ
668 3348 950 3434 φιλτάτη
979 3375 1090 3435 μοι
1118 3343 1424 3435 σύγγον’,
1454 3348 1992 3436 ἐκπεπληγμένος
2268 3358 2374 3414 795

581 3446 759 3536 ὅμως
788 3447 851 3517 σ’
885 3447 1141 3543 ἀπίστῳ
1169 3444 1556 3538 περιβαλών
1582 3455 1891 3536 βραχίονι

584 3556 678 3631 εἰς
704 3555 942 3642 τέρψιν
973 3551 1140 3639 εἶμι,
1173 3549 1559 3638 πυθόμενος
1587 3548 1928 3638 θαυμάστ’
1966 3553 2136 3634 ἐμοί.
