2534 3917
186 784 377 844 ΠΑΙ.

1098 195 1265 255 ΙΩΝ
2082 195 2210 262 137

423 361 464 433 ὃ
485 363 577 454 μὴ
610 366 873 454 γένοιτο
906 361 1001 451 δ’,
1035 375 1103 434 εἴ
1120 392 1185 435 τι
1211 365 1534 453 τυγχάνοι
1561 366 1794 456 κακόν,

423 474 515 548 εἰς
546 461 791 556 ὄμματ’
828 462 1037 544 εὔνου
1075 464 1300 554 φωτὸς
1330 470 1655 556 ἐμβλέψαι
1685 470 1928 556 γλυκύ.

422 567 553 658 ἐγώ
582 572 666 640 δέ
688 565 779 656 σ’,
816 565 1040 658 ὥσπερ
1072 565 1302 638 καὶσὺ
1329 565 1565 658 πατέρ’
1598 571 1762 658 ἐμόν
1791 599 1972 660 ποτε,

421 668 725 742 δέσποιν’
758 667 935 758 ὅμως
960 660 1112 739 ούσ’
1147 667 1569 761 ἀντικηδεύω
1601 673 1870 763 πατρός.

418 765 473 843 οἷ
497 773 835 862 θύγατερ,
868 768 994 854 ἄξι’
1028 768 1235 855 άξίων
1260 774 1694 864 γεννητόρων
2102 792 2211 849 735

417 873 559 966 ἤθη
588 875 955 964 φυλάσσεις
982 871 1111 945 κού
1137 873 1615 965 καταισχύνασ’
1648 883 1817 966 ἔχεις

417 976 576 1059 τοὺς
605 974 770 1059 σούς
800 975 1129 1058 παλαιοὺς
1161 977 1484 1066 ἐκγόνους
1515 976 1958 1067 αὐτόχθονας.

426 1077 563 1167 ἕλχ’
597 1083 750 1150 ἕλκε
777 1077 946 1169 πρὸς
973 1081 1282 1170 μέλαθρα
1309 1083 1423 1149 καὶ
1449 1081 1679 1169 κόμιζέ
1700 1109 1804 1170 με.

418 1180 687 1252 αἰπεινά
714 1207 816 1251 τοι
843 1195 1154 1271 μαντεῖα·
1184 1187 1308 1250 τοῦ
1335 1182 1557 1274 γήρως
1585 1186 1668 1253 δέ
1689 1211 1803 1271 μοι

416 1290 937 1354 συνεκπονοῦσα
962 1290 1188 1354 κῶλον
1216 1283 1442 1374 ἰατρὸς
1469 1291 1696 1372 γενοῦ.
2100 1302 2210 1359 740

188 1395 321 1457 ΚΡ.
411 1389 582 1456 ἕπου
608 1409 773 1456 νυν·
806 1395 987 1474 ἴχνος
1016 1381 1084 1455 δ’
1117 1383 1491 1474 ἐκφύλασσ’
1527 1383 1700 1457 ὅπου
1729 1393 1947 1475 τίθης.

186 1497 375 1559 ΠΑΙ.
418 1487 592 1558 ἰδού.

418 1588 495 1661 τὸ
523 1597 649 1659 τοῦ
680 1587 888 1670 ποδὸς
915 1589 1042 1678 μὲν
1069 1590 1328 1681 βραδύ,
1360 1588 1436 1660 τὸ
1465 1598 1591 1660 τοῦ
1621 1591 1698 1660 δὲ
1725 1598 1854 1661 νοῦ
1881 1591 2069 1680 ταχύ.

198 1702 318 1771 KP.
411 1693 679 1784 βάκτρῳ
708 1689 772 1760 δ’
805 1695 1073 1782 ἐρείδου
1100 1700 1434 1782 περιφερῆ
1464 1699 1699 1782 στίβον
1724 1693 1993 1781 χθονός.

180 1805 373 1867 ΠΑΙ.

181 1907 318 1969 KP.

412 1797 755 1866 καὶτοῦτο
783 1794 1080 1882 τυφλόν,
1110 1791 1274 1864 ὅταν
1302 1793 1434 1882 ἐγω
1463 1797 1689 1883 βλέπω
1719 1795 1958 1884 βραχύ.

414 1894 644 1989 ὀρθῶς
674 1899 929 1979 ἔλεξας·
960 1892 1129 1966 ἀλλὰ
1155 1896 1247 1986 μὴ
1277 1896 1485 1984 πάρες
1511 1897 1720 1988 κόπω.
2097 1915 2206 1970 745

180 2010 372 2072 ΠΑΙ.
413 1996 673 2072 οὔκουν
700 1998 879 2069 ἑκών
901 2021 1010 2086 γε·
1040 2006 1164 2069 τοῦ
1196 1995 1263 2070 δ’
1300 1995 1587 2079 ἀπόντος
1613 1994 1700 2067 ού
1725 2007 1971 2087 κρατῶ.

182 2113 318 2174 KP.

176 2623 325 2683 XO.

178 2723 317 2785 KP.

174 2825 323 2887 XO.

178 2925 315 2987 KP.

174 3030 325 3091 XO.

182 3131 316 3193 KP.

176 3234 325 3295 XO.

176 3335 317 3397 KP.

178 3438 325 3499 XO.

412 2116 766 2192 γυναῖκες,
798 2107 1003 2170 ἱστῶν
1030 2109 1169 2172 τῶν
1196 2106 1380 2191 ἐμῶν
1405 2103 1521 2171 καὶ
1547 2106 1857 2192 κερκίδος

424 2205 773 2291 δούλευμα
797 2203 1069 2291 πιστόν,
1101 2211 1254 2275 τίνα
1280 2203 1492 2293 τύχην
1518 2202 1751 2294 λαβών
1777 2203 1972 2286 πόσις

415 2309 663 2396 βέβηκε
688 2311 954 2375 παίδων
981 2296 1207 2396 ὦνπερ
1256 2307 1466 2392 εἵνεχ’
1504 2303 1791 2396 ἦκομεν;

415 2404 746 2497 σημήνατ’
767 2431 783 2446 ·
816 2415 881 2477 εἰ
901 2406 1031 2498 γὰρ
1060 2405 1290 2496 ἀγαθά
1314 2435 1429 2498 μοι
1455 2409 1809 2498 μηνύσετε,
2101 2425 2212 2480 750

414 2507 543 2580 οὐκ
559 2516 653 2590 είς
672 2509 994 2592 ἀπίστους
1010 2511 1336 2592 δεσπότας
1362 2519 1590 2600 βαλεῖς
1615 2512 1850 2601 χαράν.

412 2611 493 2682 ca}
526 2618 791 2700 δαῖμον.

410 2712 487 2784 τὸ
518 2722 839 2804 φροίμιον
865 2714 992 2803 μὲν
1020 2723 1159 2784 τῶν
1188 2715 1416 2804 λόγων
1443 2712 1572 2784 οὐκ
1603 2711 1896 2801 εὐτυχές.

415 2815 494 2885 ld)
523 2824 797 2905 τλᾶμον.

410 2915 558 2988 ἀλλ’
592 2911 637 3006 ἦ
666 2947 731 2989 τι
766 2919 1172 3008 θεσφάτοισι
1202 2925 1549 2991 δεσποτῶν
1576 2927 1792 3002 νοσῶ;
2100 2933 2205 2989 755

413 3020 584 3090 εἷεν·
614 3028 687 3091 τί
706 3027 1010 3112 δρῶμεν,
1041 3021 1340 3104 θάνατος
1370 3013 1470 3092 ὦν
1495 3037 1709 3092 κεῖται
1735 3024 1925 3111 πέρι;

408 3130 509 3204 τίς
535 3119 659 3211 ἥδε
683 3131 937 3212 μοῦσα,
965 3119 1061 3212 χὼ
1094 3123 1307 3214 φόβος
1334 3132 1544 3195 τίνων
1574 3128 1769 3212 πέρι;

411 3235 708 3314 εἴπωμεν
734 3221 782 3314 ἦ
808 3233 1143 3316 σιγῶμενς
1170 3223 1215 3316 ἦ
1242 3234 1317 3296 τί
1335 3227 1708 3317 δράσομεν;
1824 3259 1828 3264 ·

412 3323 554 3416 εἴφ’
575 3349 592 3365 ·
627 3323 716 3410 ὥς
745 3335 914 3417 ἔχεις
940 3356 1020 3417 γε
1049 3329 1413 3420 συμφοράν
1442 3326 1574 3400 τιν’
1613 3336 1707 3410 εἰς
1735 3329 1870 3417 ἐμέ.

410 3428 755 3515 εἰρήσεταί
774 3458 909 3516 τοι,
939 3437 1051 3500 κεί
1072 3441 1320 3503 θανεῖν
1348 3434 1568 3519 μέλλω
1597 3437 1823 3521 διπλῇ.
2099 3442 2206 3499 760
