2534 3917
212 1990 351 2052 PH.

1088 188 1370 246 ΡΗΣΟΣ
1544 135 1559 156 ‘
2091 191 2215 254 323

438 360 658 423 καίτοι
692 375 767 422 σε
795 360 1034 443 μικρᾶς
1066 357 1138 423 ἐκ
1166 360 1566 444 τυραννίδος
1599 359 1811 444 μέγαν

443 461 732 546 Θρῃκῶν
761 452 1014 526 ἄνακτα
1051 452 1201 543 τῇδ’
1239 453 1434 544 ἔθηκ’
1472 455 1601 544 ἐγώ
1629 467 1796 547 χερί,

442 553 544 626 ὅτ’
579 554 755 646 ἀμφὶ
787 556 1137 645 Πάγγαιόν
1161 585 1232 627 τε
1258 558 1580 628 Παιόνων
1608 588 1679 629 τε
1706 568 1835 649 γῆν

441 666 730 749 Θρῃκῶν
761 655 1053 747 άρίστοις
1081 658 1387 746 ἐμπεσὼν
1420 660 1586 730 κατὰ
1618 663 1825 750 στόμα

439 765 680 851 ἔρρηξα
707 764 988 848 πέλτην,
1023 764 1130 830 σοὶ
1159 762 1234 830 δὲ
1262 762 1610 844 δουλώσας
1637 764 1813 835 λεὼν
2118 791 2214 839 *lu

444 865 808 951 παρέσχον·
849 854 947 931 ὧν
973 862 1059 932 σύ
1089 871 1402 944 λακτίσας
1430 864 1686 954 πολλὴν
1714 868 1933 958 χάριν,

440 972 661 1052 φίλων
687 964 1073 1035 νοσούντων
1101 961 1383 1056 ὕστερος
1415 974 1833 1059 βοηδρομεῖς.

442 1071 513 1135 oc
539 1064 606 1135 δ’
642 1063 846 1137 οὐδὲν
874 1064 1036 1155 ἡμῖν
1065 1072 1359 1155 ἐγγενεῖς
1388 1070 1783 1158 πεφυκότες,
1959 1145 1960 1148 ,

440 1168 644 1237 πάλαι
671 1169 1033 1258 παρόντες,
1062 1176 1134 1239 οἳ
1155 1170 1281 1258 μὲν
1316 1173 1390 1239 ἐν
1418 1189 1695 1257 χωστοῖς
1725 1172 1959 1261 τάφοις

441 1284 696 1339 κεῖνται
725 1274 1040 1351 πεσόντες
1060 1323 1078 1358 ,
1114 1278 1335 1351 πίστις
1363 1270 1445 1341 ού
1476 1274 1719 1364 σμικρὰ
1754 1275 1966 1362 πόλει,
2114 1295 2214 1347 415

437 1381 514 1441 οἳ
532 1370 597 1441 δ’
633 1378 708 1441 ἔν
739 1370 814 1441 θ’
850 1370 1113 1444 ὅπλοισι
1140 1376 1253 1442 καὶ
1281 1371 1439 1463 παρ’
1483 1379 1770 1457 ἱππείοις
1810 1373 1985 1465 ὅχοις

433 1472 710 1571 ’ψυχρὰν
737 1472 933 1563 ἄησιν
962 1475 1194 1557 δίψιόν
1223 1503 1297 1545 τε
1324 1482 1462 1567 πῦρ
1491 1485 1666 1548 θεοῦ

437 1580 715 1665 μένουσι
748 1584 1264 1666 καρτεροῦντες,
1297 1575 1425 1648 οὐκ
1455 1582 1531 1649 ἐν
1557 1585 1853 1667 δεμνίοις

437 1676 706 1766 πυκνὴν
737 1676 1025 1767 ἄμυστιν
1051 1675 1139 1759 ὥς
1167 1678 1254 1749 σύ
1283 1681 1719 1770 δεξιούμενοι.

439 1777 670 1868 ταῦθ’,
701 1776 790 1861 ὥς
815 1775 902 1850 ἄν
931 1786 1113 1871 εἰδῇς
1134 1777 1397 1871 Ἕκτορ’
1432 1780 1573 1852 ὅντ’
1612 1783 1994 1872 ἐλεύθερον,
2118 1803 2214 1851 affl}

438 1886 550 1951 καὶ
583 1885 934 1972 μέμφομαί
955 1904 1063 1952 σοι
1089 1886 1204 1952 καὶ
1238 1886 1410 1971 λέγω
1440 1882 1588 1955 κατ’
1620 1881 1801 1973 ὄμμα
1830 1885 1971 1954 σόν.

440 1985 741 2066 τοιοῦτός
771 1992 905 2073 εἰμι
932 1981 1211 2073 καύτός,
1243 1981 1527 2054 εὐθεῖαν
1554 1986 1775 2074 λόγων

441 2090 701 2174 τέμνων
728 2090 1094 2173 κέλευθον,
1125 2084 1252 2156 κού
1282 2092 1565 2169 διπλοῦς
1592 2085 1848 2176 πέφυκ’
1878 2085 2070 2179 ἀνήρ.

1087 2186 1507 2212 ,,,,,

434 2292 614 2379 λύπῃ
644 2288 810 2381 πρὸς
837 2282 1018 2381 ἧπαρ
1049 2295 1418 2382 δυσφορῶν
1446 2290 1793 2382 ἐτειρόμην
1811 2314 1826 2327 ·
2118 2311 2214 2359 42:11

437 2389 592 2461 ἀλλ’
626 2389 1041 2482 ἀγχιτέρμων
1068 2391 1228 2479 γαῖά
1251 2420 1367 2480 μοι
1383 2443 1403 2479 ,
1434 2392 1719 2480 Σκύθης
1745 2392 1931 2482 λεώς,

439 2497 748 2582 μέλλοντι
767 2494 1009 2563 νόστον
1035 2492 1156 2562 τὸν
1183 2491 1568 2583 πρὸςἽλιον
1595 2502 1810 2583 περᾶν

436 2600 692 2683 ξυνῆψε
719 2596 1010 2682 πόλεμον
1027 2617 1042 2630 ·
1071 2593 1376 2677 Εὐξένου
1403 2593 1469 2663 δ’
1502 2594 1843 2684 ἀφικόμην

438 2699 691 2769 πόντου
721 2695 888 2786 πρὸς
917 2693 1118 2777 ἀκτάς
1135 2748 1153 2783 ,
1193 2703 1425 2786 Θρῇκα
1452 2698 1882 2785 πορθμεύσας
1910 2699 2150 2783 oms-:1513
2158 2727 2210 2763 ιε,

440 2798 592 2869 ἕνθ’
629 2798 987 2889 αἱματηρὸς
1016 2800 1301 2879 πέλανος
1335 2802 1401 2883 ἐς
1452 2813 1652 2887 γαῖαν
1678 2797 1965 2887 Σκύθης
2118 2815 2218 2867 εῑῇυ

437 2899 740 2989 ἠντλεῖτο
765 2902 972 2991 λόγχῃ
1002 2902 1181 2991 Θρῄξ
1212 2928 1285 2970 τε
1312 2899 1647 2989 συμμιγὴς
1682 2899 1908 2990 φόνος.

435 3004 662 3075 τοιάδε
688 3012 798 3074 τοί
818 3001 890 3093 μ’
926 3001 1203 3093 ἀπεῖργε
1231 3001 1549 3094 συμφορὰ
1580 3004 1785 3071 πέδον

449 3113 690 3196 Τροίας
723 3109 989 3176 ἱκέσθαι
1018 3105 1367 3194 σύμμαχόν
1396 3106 1471 3174 τέ
1497 3126 1599 3174 σοι
1631 3112 1884 3192 μολεῖν.

438 3209 582 3277 ἐπεὶ
608 3205 674 3277 δ’
710 3214 987 3297 ἔπερσα,
1016 3204 1222 3278 τοῖνδ’
1256 3204 1635 3296 ὁμηρεύσας
1663 3208 1884 3292 τέκνα,

439 3310 633 3394 τάξας
662 3318 878 3380 ἔτειον
907 3309 1164 3397 δασμὸν
1199 3316 1293 3390 εἰς
1322 3310 1569 3396 δόμους
1598 3310 1856 3397 φέρειν,
2122 3323 2218 3375 435·

443 3409 586 3501 ἥκω
622 3412 912 3503 περάσας
940 3412 1141 3481 ναυσὶ
1170 3409 1449 3481 πόντιον
1476 3408 1706 3497 στόμα,

436 3513 518 3582 τὰ
547 3512 612 3583 δ’
654 3514 822 3585 ἄλλα
852 3512 1039 3595 πεζὸς
1064 3518 1186 3601 γῆς
1213 3517 1442 3603 περῶν
1467 3507 1831 3669 ὃρίσματέὶ
1847 3606 1877 3641 *
